% This file was created with JabRef 2.6.
% Encoding: UTF8

@ARTICLE{2002MNRAS.331...98V,
  author = {{van den Bosch}, F.~C.},
  title = {{The universal mass accretion history of cold dark matter haloes}},
  journal = {\mnras},
  year = {2002},
  volume = {331},
  pages = {98-110},
  month = mar,
  adsnote = {Provided by the SAO/NASA Astrophysics Data System},
  adsurl = {http://cdsads.u-strasbg.fr/abs/2002MNRAS.331...98V},
  doi = {10.1046/j.1365-8711.2002.05171.x},
  eprint = {arXiv:astro-ph/0105158},
  keywords = {stars: formation, galaxies: formation, galaxies: haloes, cosmology:
	theory, dark matter, stars: formation; galaxies: formation; galaxies:
	haloes; cosmology: theory; dark matter}
}

@BOOK{abramowitz+stegun,
  title = {{Handbook of Mathematical Functions with Formulas, Graphs, and Mathematical
	Tables}},
  publisher = {Dover},
  year = {1964},
  author = {{Abramowitz}, M. and {Stegun}, I.~A.},
  address = {{New York}},
  edition = {{ninth Dover printing, tenth GPO printing}}
}

@INPROCEEDINGS{Altamimi2004,
  author = {Zuheir Altamimi and Patrick Sillard and Claude Boucher},
  title = {{ITRF2000}: From Theory to Implementation},
  booktitle = {V Hotine-Marussi Symposium on Mathematical Geodesy},
  year = {2004},
  editor = {F. Sans\`{o}},
  volume = {127},
  pages = {157-158},
  organization = {International Association of Geodesy Symposia}
}

@PHDTHESIS{Bail2004,
  author = {Karine Le Bail},
  title = {\'{E}tude statistique de la stabilité des stations de géodésie spatiale
	-Application à DORIS-},
  school = {Observatoire de Paris},
  year = {2004}
}

@ARTICLE{BCW10,
  author = {{Behroozi}, P.~S. and {Conroy}, C. and {Wechsler}, R.~H.},
  title = {A Comprehensive Analysis of Uncertainties Affecting the Stellar Mass-Halo
	Mass Relation for 0 < z < 4},
  journal = {\apj},
  year = {2010},
  volume = {717},
  pages = {379--403},
  month = jul,
  archiveprefix = {arXiv},
  eprint = {1001.0015},
  keywords = {dark matter, galaxies: abundances, galaxies: evolution, galaxies:
	stellar content},
  primaryclass = {astro-ph.CO}
}

@UNPUBLISHED{Berstel,
  author = {{Berstel}, J. and {Pin}, J.~{\'E}.},
  title = {{Programmation et Algorithmique}},
  note = {{\'Ecole Polytechnique}},
  owner = {manuel},
  timestamp = {2011.05.29}
}

@BOOK{Binney1998,
  title = {Galactic Astronomy},
  publisher = {Princeton Series in Astrophysics},
  year = {1998},
  editor = {Jeremiah P. Ostriker and David N. Spergel},
  author = {James Binney and Michael Merrifield},
  owner = {manuel},
  timestamp = {2011.01.18}
}

@BOOK{Binney1987,
  title = {Galactic Dynamics},
  publisher = {Princeton Series in Astrophysics},
  year = {1987},
  editor = {Jeremiah P. Ostriker},
  author = {James Binney and Scott Tremaine},
  owner = {manuel},
  timestamp = {2011.01.18}
}

@ARTICLE{Blaizot+05,
  author = {{Blaizot}, J. and {Wadadekar}, Y. and {Guiderdoni}, B. and {Colombi},
	S.~T. and {Bertin}, E. and {Bouchet}, F.~R. and {Devriendt}, J.~E.~G.
	and {Hatton}, S.},
  title = {{MoMaF: the Mock Map Facility}},
  journal = {\mnras},
  year = {2005},
  volume = {360},
  pages = {159--175},
  month = jun,
  eprint = {arXiv:astro-ph/0309305},
  keywords = {methods: numerical, astronomical data bases: miscellaneous, galaxies:
	statistics, large-scale structure of Universe}
}

@ARTICLE{Blanton+05,
  author = {{Blanton}, M.~R. and {Lupton}, R.~H. and {Schlegel}, D.~J. and {Strauss},
	M.~A. and {Brinkmann}, J. and {Fukugita}, M. and {Loveday}, J.},
  title = {{The Properties and Luminosity Function of Extremely Low Luminosity
	Galaxies}},
  journal = {\apj},
  year = {2005},
  volume = {631},
  pages = {208--230},
  month = sep,
  eprint = {arXiv:astro-ph/0410164},
  keywords = {Galaxies: Dwarf, Galaxies: Fundamental Parameters, Galaxies: Luminosity
	Function, Mass Function, Galaxies: Statistics}
}

@ARTICLE{Blewitt2003,
  author = {Geoffrey Blewitt},
  title = {Self-consistency in reference frames, geocenter definition, and surface
	loading of the solid Earth},
  journal = {Journal of Geophysical research},
  year = {2003},
  volume = {108},
  pages = {10},
  number = {B2}
}

@ARTICLE{BoylanKolchin+09,
  author = {{Boylan-Kolchin}, M. and {Springel}, V. and {White}, S.~D.~M. and
	{Jenkins}, A. and {Lemson}, G.},
  title = {{Resolving cosmic structure formation with the Millennium-II Simulation}},
  journal = {\mnras},
  year = {2009},
  volume = {398},
  pages = {1150--1164},
  month = sep,
  archiveprefix = {arXiv},
  eprint = {0903.3041},
  keywords = {methods: N-body simulations , galaxies: haloes , cosmology: theory},
  primaryclass = {astro-ph.CO}
}

@ARTICLE{CPT92,
  author = {{Carroll}, S.~M. and {Press}, W.~H. and {Turner}, E.~L.},
  title = {The cosmological constant},
  journal = {\araa},
  year = {1992},
  volume = {30},
  pages = {499--542},
  keywords = {COSMOLOGY, GRAVITATIONAL LENSES, HUBBLE CONSTANT, RELATIVISTIC THEORY,
	COMPUTATIONAL ASTROPHYSICS, GRAVITATIONAL FIELDS, UNIVERSE}
}

@ARTICLE{CMAZ10,
  author = {{Chilingarian}, I.~V. and {Melchior}, {A.-L.} and {Zolotukhin}, I.~
	Y. },
  title = {{Analytical approximations of K-corrections in optical and near-infr
	ared bands}},
  journal = {\mnras},
  year = {2010},
  volume = {405},
  pages = {1409--1420},
  month = jul,
  archiveprefix = {arXiv},
  eprint = {1002.2360},
  keywords = {galaxies: evolution, galaxies: fundamental parameters, galaxies: ph
	otometry, galaxies: stellar content},
  primaryclass = {astro-ph.IM}
}

@PHDTHESIS{Collilieux2008,
  author = {Xavier Collilieux},
  title = {Analyse des séries temporelles de positions des stations de géodésie
	spatiale},
  school = {Observatoire de Paris},
  year = {2008}
}

@ARTICLE{Courtin+11,
  author = {{Courtin}, J. and {Rasera}, Y. and {Alimi}, J.-M. and {Corasaniti},
	P.-S. and {Boucher}, V. and {F{\"u}zfa}, A.},
  title = {Imprints of dark energy on cosmic structure formation - II. Non-universality
	of the halo mass function},
  journal = {\mnras},
  year = {2011},
  volume = {410},
  pages = {1911--1931},
  month = jan,
  archiveprefix = {arXiv},
  doi = {10.1111/j.1365-2966.2010.17573.x},
  eprint = {1001.3425},
  primaryclass = {astro-ph.CO}
}

@ARTICLE{CFCG10,
  author = {{Crocce}, M. and {Fosalba}, P. and {Castander}, F.~J. and {Gazta{\~n}aga},
	E. },
  title = {Simulating the Universe with MICE: the abundance of massive clusters},
  journal = {\mnras},
  year = {2010},
  volume = {403},
  pages = {1353--1367},
  month = apr,
  archiveprefix = {arXiv},
  doi = {10.1111/j.1365-2966.2009.16194.x},
  eprint = {0907.0019},
  primaryclass = {astro-ph.CO}
}

@PHDTHESIS{Malmasson1994,
  author = {D.Malmasson},
  title = {Utilisation d'un laser VUV en spectroscopie moléculaire à haute résolution-Application
	à CO et H$_2$},
  school = {Université Paris XI Orsay},
  year = {1994},
  owner = {manuel},
  timestamp = {2011.02.10}
}

@ARTICLE{DEFW85,
  author = {{Davis}, M. and {Efstathiou}, G. and {Frenk}, C.~S. and {White},
	S.~D.~M. },
  title = {The evolution of large-scale structure in a universe dominated by
	cold dark matter},
  journal = {\apj},
  year = {1985},
  volume = {292},
  pages = {371--394},
  month = may,
  keywords = {COMPUTATIONAL ASTROPHYSICS, COSMOLOGY, GALACTIC CLUSTERS, GALACTIC
	EVOLUTION, MISSING MASS (ASTROPHYSICS), WEAK INTERACTIONS (FIELD
	THEORY), ASTRONOMICAL MODELS, COMPUTERIZED SIMULATION, CORRELATION,
	MANY BODY PROBLEM, MASS DISTRIBUTION, MASS TO LIGHT RATIOS, MATTER
	(PHYSICS), RADIAL VELOCITY, RED SHIFT}
}

@ARTICLE{Eke+04,
  author = {{Eke}, V.~R. and {Baugh}, C.~M. and {Cole}, S. and {Frenk}, C.~S.
	and {Norberg}, P. and {Peacock}, J.~A. and {Baldry}, I.~K. and {Bland-Hawthorn},
	J. and {Bridges}, T. and {Cannon}, R. and {Colless}, M. and {Collins},
	C. and {Couch}, W. and {Dalton}, G. and {de Propris}, R. and {Driver},
	S.~P. and {Efstathiou}, G. and {Ellis}, R.~S. and {Glazebrook}, K.
	and {Jackson}, C. and {Lahav}, O. and {Lewis}, I. and {Lumsden},
	S. and {Maddox}, S. and {Madgwick}, D. and {Peterson}, B.~A. and
	{Sutherland}, W. and {Taylor}, K.},
  title = {{Galaxy groups in the 2dFGRS: the group-finding algorithm and the
	2PIGG catalogue}},
  journal = {\mnras},
  year = {2004},
  volume = {348},
  pages = {866--878},
  month = mar,
  eprint = {arXiv:astro-ph/0402567},
  keywords = {catalogues, galaxies: clusters: general}
}

@ARTICLE{Guo+11,
  author = {{Guo}, Q. and {White}, S. and {Boylan-Kolchin}, M. and {De Lucia},
	G. and {Kauffmann}, G. and {Lemson}, G. and {Li}, C. and {Springel},
	V. and {Weinmann}, S.},
  title = {{From dwarf spheroidals to cD galaxies: simulating the galaxy population
	in a {$\Lambda$}CDM cosmology}},
  journal = {\mnras},
  year = {2011},
  pages = {164-+},
  month = feb,
  archiveprefix = {arXiv},
  eprint = {1006.0106},
  keywords = {galaxies: haloes, galaxies: luminosity function, mass function, cosmology:
	theory, dark matter, large-scale structure of Universe},
  primaryclass = {astro-ph.CO}
}

@ARTICLE{GWLB10,
  author = {{Guo}, Q. and {White}, S. and {Li}, C. and {Boylan-Kolchin}, M. },
  title = {How do galaxies populate dark matter haloes?},
  journal = {\mnras},
  year = {2010},
  volume = {404},
  pages = {1111--1120},
  month = may,
  archiveprefix = {arXiv},
  eprint = {0909.4305},
  keywords = {galaxies: haloes, galaxies: luminosity function, mass function, cosmology:
	theory, dark matter, large-scale structure of Universe},
  primaryclass = {astro-ph.CO}
}

@ARTICLE{HMZS06,
  author = {{Hansen}, S.~H. and {Moore}, B. and {Zemp}, M. and {Stadel}, J. },
  title = {A universal velocity distribution of relaxed collisionless structures},
  journal = {jcap},
  year = {2006},
  volume = {1},
  pages = {14-+},
  month = jan,
  doi = {10.1088/1475-7516/2006/01/014},
  eprint = {arXiv:astro-ph/0505420}
}

@ARTICLE{1999astro.ph..5116H,
  author = {{Hogg}, D.~W.},
  title = {{Distance measures in cosmology}},
  journal = {ArXiv Astrophysics e-prints},
  year = {1999},
  month = may,
  adsnote = {Provided by the SAO/NASA Astrophysics Data System},
  adsurl = {http://cdsads.u-strasbg.fr/abs/1999astro.ph..5116H},
  eprint = {arXiv:astro-ph/9905116},
  keywords = {Astrophysics}
}

@ARTICLE{Lemaire2010,
  author = {J-L.Lemaire and G.Vidali and S.Baouche and M.Chehrouri and H.Chaabouni
	and H.Mokrane},
  title = {Competing Mechanisms Of Molecular Hydrogen Formation In Conditions
	Relevant To The Interstellar Medium},
  journal = {The Astrophysical Journal Letters},
  year = {2010},
  volume = {725},
  pages = {156-160},
  month = {December},
  owner = {manuel},
  timestamp = {2011.02.10}
}

@ARTICLE{J-L.Lemaire2008,
  author = {J-L.Lemaire and J-H.Fillion and F.Dulieu and A.Momeni and V.Cobut
	and S.Baouche and L.Amiaud},
  title = {La formation de molécules dans le milieu interstellaire},
  journal = {L'actualité chimique},
  year = {2008},
  volume = {315},
  pages = {3-11},
  month = {Janvier},
  owner = {manuel},
  timestamp = {2011.02.23}
}

@UNPUBLISHED{Jamet2003,
  author = {Olivier Jamet},
  title = {Les harmoniques sphériques: une introduction à la représentation
	des fonctions harmoniques sphériques},
  month = {Mars},
  year = {2003}
}

@ARTICLE{Jenkins+01,
  author = {{Jenkins}, A. and {Frenk}, C.~S. and {White}, S.~D.~M. and {Colberg},
	J.~M. and {Cole}, S. and {Evrard}, A.~E. and {Couchman}, H.~M.~P.
	and {Yoshida}, N.},
  title = {The mass function of dark matter haloes},
  journal = {\mnras},
  year = {2001},
  volume = {321},
  pages = {372--384},
  month = feb,
  doi = {10.1046/j.1365-8711.2001.04029.x},
  eprint = {arXiv:astro-ph/0005260}
}

@ARTICLE{KK09,
  author = {{Knollmann}, S.~R. and {Knebe}, A.},
  title = {AHF: Amiga's Halo Finder},
  journal = {\apjs},
  year = {2009},
  volume = {182},
  pages = {608--624},
  month = jun,
  archiveprefix = {arXiv},
  eprint = {0904.3662},
  keywords = {methods: numerical},
  primaryclass = {astro-ph.CO}
}

@PHDTHESIS{L.Amiaud2006,
  author = {L.Amiaud},
  title = {Interaction d'atomes et de molécules d'hydrogène avec des glaces
	d'eau à très basse température: formation de {H$_2$} dans le milieu
	interstellaire.},
  school = {\'Ecole doctorale Astronomie et Astrophysique d'Ile-de-France \&
	\'Ecole doctorale Sciences et Ingéniéries de Cergy-Pontoise},
  year = {2006},
  owner = {manuel},
  timestamp = {2011.02.23}
}

@ARTICLE{Liu+08,
  author = {{Liu}, H.~B. and {Hsieh}, B.~C. and {Ho}, P.~T.~P. and {Lin}, L.
	and {Yan}, R.},
  title = {A New Galaxy Group Finding Algorithm: Probability Friends-of-Friends},
  journal = {\apj},
  year = {2008},
  volume = {681},
  pages = {1046--1057},
  month = jul,
  keywords = {Catalogs, Galaxies: Clusters: General, Galaxies: Halos, Galaxies:
	High-Redshift, Galaxies: Photometry, Methods: Data Analysis}
}

@ARTICLE{LY08,
  author = {{Li}, I.~H. and {Yee}, H.~K.~C.},
  title = {Finding Galaxy Groups in Photometric-Redshift Space: The Probability
	Friends-of-Friends Algorithm},
  journal = {\aj},
  year = {2008},
  volume = {135},
  pages = {809--822},
  month = mar,
  archiveprefix = {arXiv},
  eprint = {0801.2410},
  keywords = {galaxies: clusters: general, galaxies: general}
}

@ARTICLE{MDvdB08,
  author = {{Macci{\`o}}, A.~V. and {Dutton}, A.~A. and {van den Bosch}, F.~C.
	},
  title = {{Concentration, spin and shape of dark matter haloes as a function
	of the cosmological model: WMAP1, WMAP3 and WMAP5 results}},
  journal = {\mnras},
  year = {2008},
  volume = {391},
  pages = {1940--1954},
  month = dec,
  archiveprefix = {arXiv},
  eprint = {0805.1926},
  keywords = {gravitation , methods: N-body simulation , methods: numerical , galaxies:
	haloes , cosmology: theory , dark matter}
}

@ARTICLE{ML05,
  author = {{Mamon}, G.~A. and {{\L}okas}, E.~L.},
  title = {Dark matter in elliptical galaxies - II. Estimating the mass within
	the virial radius},
  journal = {\mnras},
  year = {2005},
  volume = {363},
  pages = {705--722},
  month = nov,
  eprint = {arXiv:astro-ph/0405491},
  keywords = {methods: analytical, galaxies: elliptical and lenticular, cD, galaxies:
	haloes, galaxies: kinematics and dynamics, galaxies: structure}
}

@ARTICLE{MBM10,
  author = {{Mamon}, G.~A. and {Biviano}, A. and {Murante}, G.},
  title = {{The universal distribution of halo interlopers in projected phase
	space. Bias in galaxy cluster concentration and velocity anisotropy?}},
  journal = {\apj},
  year = {2010},
  volume = {520},
  pages = {A30+},
  month = sep,
  archiveprefix = {arXiv},
  eprint = {1003.0033},
  keywords = {galaxies: clusters: general, cosmology: miscellaneous, dark matter,
	galaxies: halos, gravitational lensing:, weak, methods: numerical},
  primaryclass = {astro-ph.CO}
}

@ARTICLE{NFW97,
  author = {{Navarro}, J.~F. and {Frenk}, C.~S. and {White}, S.~D.~M.},
  title = {A Universal Density Profile from Hierarchical Clustering},
  journal = {\apj},
  year = {1997},
  volume = {490},
  pages = {493-+},
  month = dec,
  eprint = {arXiv:astro-ph/9611107},
  keywords = {COSMOLOGY: THEORY, COSMOLOGY: DARK MATTER, GALAXIES: HALOS, METHODS:
	NUMERICAL}
}

@ARTICLE{PH90,
  author = {{Peacock}, J.~A. and {Heavens}, A.~F.},
  title = {Alternatives to the Press-Schechter cosmological mass function},
  journal = {\mnras},
  year = {1990},
  volume = {243},
  pages = {133--143},
  month = mar,
  keywords = {COMPUTATIONAL ASTROPHYSICS, COSMOLOGY, DISTRIBUTION FUNCTIONS, MASS
	DISTRIBUTION, COOLING, DARK MATTER, GALACTIC MASS, LUMINOSITY, PROBABILITY
	DISTRIBUTION FUNCTIONS, SPATIAL FILTERING}
}

@BOOK{NumericalRecipes,
  title = {{Numerical Recipes in Fortran 77: The Art of Scientific Computing}},
  publisher = {{Cambridge University Press}},
  year = {1992},
  editor = {{Cambridge University Press}},
  author = {Press, William H. and Flannery, Brian P. and Teukolsky, Saul A. and
	Vetterling, William T.},
  volume = {1},
  edition = {2},
  month = sep,
  abstract = {This is the greatly revised and greatly expanded Second Edition of
	the hugely popular Numerical Recipes: The Art of Scientific Computing.
	The product of a unique collaboration among four leading scientists
	in academic research and industry Numerical Recipes is a complete
	text and reference book on scientific computing. In a self-contained
	manner it proceeds from mathematical and theoretical considerations
	to actual practical computer routines. With over 100 new routines
	bringing the total to well over 300, plus upgraded versions of the
	original routines, this new edition remains the most practical, comprehensive
	handbook of scientific computing available today. Highlights of the
	new material include: -A new chapter on integral equations and inverse
	methods -Multigrid and other methods for solving partial differential
	equations -Improved random number routines - Wavelet transforms -The
	statistical bootstrap method -A new chapter on "less-numerical" algorithms
	including compression coding and arbitrary precision arithmetic.
	The book retains the informal easy-to-read style that made the first
	edition so popular, while introducing some more advanced topics.
	It is an ideal textbook for scientists and engineers and an indispensable
	reference for anyone who works in scientific computing. The Second
	Edition is availabe in {FORTRAN}, the traditional language for numerical
	calculations and in the increasingly popular C language.},
  day = {25},
  howpublished = {Hardcover},
  isbn = {9780521430647},
  posted-at = {2006-02-04 09:54:15},
  priority = {2}
}

@ARTICLE{PS74,
  author = {{Press}, W.~H. and {Schechter}, P.},
  title = {{Formation of Galaxies and Clusters of Galaxies by Self-Similar Gravitational
	Condensation}},
  journal = {\apj},
  year = {1974},
  volume = {187},
  pages = {425--438},
  month = {feb},
}

@ARTICLE{Sanchez1988,
  author = {J. Sanchez},
  title = {Radiative lifetime measurements for {H$_2$} molecule},
  journal = {Journal de Physique},
  year = {1988},
  owner = {manuel},
  timestamp = {2011.02.21}
}

@INBOOK{Sillard2001,
  chapter = {3},
  pages = {55-73},
  title = {Estimation par moindres carrés},
  publisher = {Hermès-Lavoisier},
  year = {2001},
  author = {Patrick Sillard},
  month = {Octobre}
}

@ARTICLE{TMNT06,
  author = {{Thistleton}, W. and {Marsh}, J.~A. and {Nelson}, K. and {Tsallis},
	C. },
  title = {{Generalized Box-Muller method for generating q-Gaussian random deviates}},
  journal = {eprint arXiv:cond-mat/0605570},
  year = {2006},
  month = may,
  eprint = {arXiv:cond-mat/0605570},
  keywords = {Condensed Matter - Statistical Mechanics, Computer Science - Mathematical
	Software}
}

@ARTICLE{Tinker+08,
  author = {{Tinker}, J. and {Kravtsov}, A.~V. and {Klypin}, A. and {Abazajian},
	K. and {Warren}, M. and {Yepes}, G. and {Gottl{\"o}ber}, S. and {Holz},
	D.~E. },
  title = {Toward a Halo Mass Function for Precision Cosmology: The Limits of
	Universality},
  journal = {\apj},
  year = {2008},
  volume = {688},
  pages = {709--728},
  month = dec,
  archiveprefix = {arXiv},
  eprint = {0803.2706},
  keywords = {Cosmology: Theory, Cosmology: Large-Scale Structure of Universe, Methods:
	Numerical}
}

@ARTICLE{WAHT06,
  author = {{Warren}, M.~S. and {Abazajian}, K. and {Holz}, D.~E. and {Teodoro},
	L. },
  title = {Precision Determination of the Mass Function of Dark Matter Halos},
  journal = {\apj},
  year = {2006},
  volume = {646},
  pages = {881--885},
  month = aug,
  eprint = {arXiv:astro-ph/0506395},
  keywords = {Cosmology: Theory, Galaxies: Halos}
}

@ARTICLE{WU10,
  author = {{Wickramasinghe}, T. and {Ukwatta}, T.~N.},
  title = {{An analytical approach for the determination of the luminosity distance
	in a flat universe with dark energy}},
  journal = {\mnras},
  year = {2010},
  volume = {406},
  pages = {548--550},
  month = jul,
  archiveprefix = {arXiv},
  eprint = {1003.0483},
  keywords = {distance scale},
  primaryclass = {astro-ph.CO}
}

@ARTICLE{Wu2003,
  author = {Xiaoping Wu and Donald F. Argus and Michael B. Heflin and Erik R. Ivins and Frank H. Webb},
  title = {Large-scale global surface mass variations inferred from GPS measurements of load-induced deformation},
  journal = {Geophysical Research Letters},
  year = {2003},
  volume = {30},
  pages = {5},
  number = {14},
}

@ARTICLE{Wu2002,
  author = {Xiaoping Wu and Donald F. Argus and Michael B. Heflin and Erik R. Ivins and Frank H. Webb},
  title = {Site distribution and aliasing effects in the inversion for load coefficients and geocenter motion from {GPS} data},
  journal = {Geophysical Research Letters},
  year = {2002},
  volume = {29},
  pages = {63},
  number = {24},
}

@ARTICLE{YMvdB09,
  author = {{Yang}, X. and {Mo}, H.~J. and {van den Bosch}, F.~C.},
  title = {Galaxy Groups in the SDSS DR4. III. The Luminosity and Stellar Mass
	Functions},
  journal = {\apj},
  year = {2009},
  volume = {695},
  pages = {900--916},
  month = apr,
  archiveprefix = {arXiv},
  eprint = {0808.0539},
  keywords = {dark matter, galaxies: halos, large-scale structure of universe, methods:
	statistical}
}

@ARTICLE{Yang+07,
  author = {{Yang}, X. and {Mo}, H.~J. and {van den Bosch}, F.~C. and {Pasquali},
	A. and {Li}, C. and {Barden}, M.},
  title = {{Galaxy Groups in the SDSS DR4. I. The Catalog and Basic Properties}},
  journal = {\apj},
  year = {2007},
  volume = {671},
  pages = {153--170},
  month = dec,
  archiveprefix = {arXiv},
  eprint = {0707.4640},
  keywords = {Cosmology: Dark Matter, Galaxies: Halos, Cosmology: Large-Scale Structure
	of Universe, Methods: Statistical}
}

@ARTICLE{Blanton2003,
   author = {{Blanton}, M.~R. and {Lin}, H. and {Lupton}, R.~H. and {Maley}, F.~M. and
	{Young}, N. and {Zehavi}, I. and {Loveday}, J.},
    title = {An Efficient Targeting Strategy for Multiobject Spectrograph Surveys: the Sloan Digital Sky Survey ``Tiling'' Algorithm},
  journal = {\aj},
   eprint = {arXiv:astro-ph/0105535},
 keywords = {Methods: Observational, Surveys},
     year = 2003,
    month = apr,
   volume = 125,
    pages = {2276--2286},
}

@ARTICLE{Blanton2005,
   author = {{Blanton}, M.~R. and {Schlegel}, D.~J. and {Strauss}, M.~A. and
	{Brinkmann}, J. and {Finkbeiner}, D. and {Fukugita}, M. and
	{Gunn}, J.~E. and {Hogg}, D.~W. and {Ivezi{\'c}}, {\v Z}. and
	{Knapp}, G.~R. and {Lupton}, R.~H. and {Munn}, J.~A. and {Schneider}, D.~P. and
	{Tegmark}, M. and {Zehavi}, I.},
    title = {New York University Value-Added Galaxy Catalog: A Galaxy Catalog Based on New Public Surveys},
  journal = {\aj},
   eprint = {arXiv:astro-ph/0410166},
 keywords = {Galaxies: Distances and Redshifts, Galaxies: Photometry, Galaxies: Statistics},
     year = 2005,
    month = jun,
   volume = 129,
    pages = {2562--2578},
}

@ARTICLE{Springel+05,
   author = {{Springel}, V. and {White}, S.~D.~M. and {Jenkins}, A. and {Frenk}, C.~S. and
	{Yoshida}, N. and {Gao}, L. and {Navarro}, J. and {Thacker}, R. and
	{Croton}, D. and {Helly}, J. and {Peacock}, J.~A. and {Cole}, S. and
	{Thomas}, P. and {Couchman}, H. and {Evrard}, A. and {Colberg}, J. and
	{Pearce}, F.},
    title = {Simulations of the formation, evolution and clustering of galaxies and quasars},
  journal = {\nat},
   eprint = {arXiv:astro-ph/0504097},
     year = 2005,
    month = jun,
   volume = 435,
    pages = {629--636},
}

@ARTICLE{Percival05,
   author = {{Percival}, W.~J.},
    title = {Cosmological structure formation in a homogeneous dark energy background},
  journal = {\aap},
   eprint = {arXiv:astro-ph/0508156},
 keywords = {cosmology: theory, large-scale structure of Universe},
     year = 2005,
    month = dec,
   volume = 443,
    pages = {819--830},
}

@ARTICLE{Blanton2003a,
   author = {{Blanton}, M.~R. and {Hogg}, D.~W. and {Bahcall}, N.~A. and
	{Brinkmann}, J. and {Britton}, M. and {Connolly}, A.~J. and
	{Csabai}, I. and {Fukugita}, M. and {Loveday}, J. and {Meiksin}, A. and
	{Munn}, J.~A. and {Nichol}, R.~C. and {Okamura}, S. and {Quinn}, T. and
	{Schneider}, D.~P. and {Shimasaku}, K. and {Strauss}, M.~A. and
	{Tegmark}, M. and {Vogeley}, M.~S. and {Weinberg}, D.~H.},
    title = {The Galaxy Luminosity Function and Luminosity Density at Redshift z = 0.1},
  journal = {\apj},
   eprint = {arXiv:astro-ph/0210215},
 keywords = {Galaxies: Luminosity Function, Mass Function, Galaxies: Statistics},
     year = 2003,
    month = aug,
   volume = 592,
    pages = {819--838},
}

@ARTICLE{Blanton+03,
   author = {{Blanton}, M.~R. and {Brinkmann}, J. and {Csabai}, I. and {Doi}, M. and
	{Eisenstein}, D. and {Fukugita}, M. and {Gunn}, J.~E. and {Hogg}, D.~W. and
	{Schlegel}, D.~J.},
    title = {{Estimating Fixed-Frame Galaxy Magnitudes in the Sloan Digital Sky Survey}},
  journal = {\aj},
   eprint = {arXiv:astro-ph/0205243},
 keywords = {Galaxies: Fundamental Parameters, Galaxies: Photometry, Galaxies: Statistics},
     year = 2003,
    month = may,
   volume = 125,
    pages = {2348--2360},
}

@ARTICLE{Yang+04,
   author = {{Yang}, X. and {Mo}, H.~J. and {Jing}, Y.~P. and {van den Bosch}, F.~C. and
	{Chu}, Y.},
    title = {Populating dark matter haloes with galaxies: comparing the 2dFGRS with mock galaxy redshift surveys},
  journal = {\mnras},
   eprint = {arXiv:astro-ph/0303524},
 keywords = {methods: statistical, galaxies: haloes, dark matter, large-scale structure of Universe},
     year = 2004,
    month = jun,
   volume = 350,
    pages = {1153--1173},
}

@ARTICLE{LC94,
   author = {{Lacey}, C. and {Cole}, S.},
    title = {{Merger Rates in Hierarchical Models of Galaxy Formation - Part Two - Comparison with N-Body Simulations}},
  journal = {\mnras},
   eprint = {arXiv:astro-ph/9402069},
     year = 1994,
    month = dec,
   volume = 271,
    pages = {--{676}},
}

@ARTICLE{Springel05,
   author = {{Springel}, V.},
    title = {{The cosmological simulation code GADGET-2}},
  journal = {\mnras},
   eprint = {arXiv:astro-ph/0505010},
 keywords = {methods: numerical, galaxies: interactions, dark matter},
     year = 2005,
    month = dec,
   volume = 364,
    pages = {1105--1134},
}

@ARTICLE{Teyssier02,
   author = {{Teyssier}, R.},
    title = {Cosmological hydrodynamics with adaptive mesh refinement. A new high resolution code called RAMSES},
  journal = {\aap},
   eprint = {arXiv:astro-ph/0111367},
 keywords = {GRAVITATION, HYDRODYNAMICS, METHODS: NUMERICAL, COSMOLOGY: THEORY, COSMOLOGY: LARGE-SCALE STRUCTURE OF UNIVERSE},
     year = 2002,
    month = apr,
   volume = 385,
    pages = {337--364},
}

@ARTICLE{BGD08,
   author = {{Baldry}, I.~K. and {Glazebrook}, K. and {Driver}, S.~P.},
    title = {On the galaxy stellar mass function, the mass-metallicity relation and the implied baryonic mass function},
  journal = {\mnras},
archivePrefix = "arXiv",
   eprint = {0804.2892},
 keywords = {galaxies: evolution , galaxies: fundamental parameters , galaxies: haloes , galaxies: luminosity function, mass function},
     year = 2008,
    month = aug,
   volume = 388,
    pages = {945--959},
}

@ARTICLE{CMWK11,
   author = {{Cattaneo}, A. and {Mamon}, G.~A. and {Warnick}, K. and {Knebe}, A.
	},
    title = {How do galaxies acquire their mass?},
  journal = {\aap},
archivePrefix = "arXiv",
   eprint = {1002.3257},
 primaryClass = "astro-ph.CO",
 keywords = {galaxies: formation, galaxies: evolution, galaxies: luminosity function, mass function, galaxies: interactions, galaxies: elliptical and lenticular, cD, galaxies: halos},
     year = 2011,
    month = sep,
   volume = 533,
      eid = {A5},
    pages = {--{A5}},
}

@ARTICLE{Prada+03,
   author = {{Prada}, F. and {Vitvitska}, M. and {Klypin}, A. and {Holtzman}, J.~A. and
	{Schlegel}, D.~J. and {Grebel}, E.~K. and {Rix}, H.-W. and {Brinkmann}, J. and
	{McKay}, T.~A. and {Csabai}, I.},
    title = {Observing the Dark Matter Density Profile of Isolated Galaxies},
  journal = {\apj},
   eprint = {arXiv:astro-ph/0301360},
 keywords = {Cosmology: Dark Matter, Galaxies: Dwarf, Galaxies: Halos- Galaxies: Kinematics and Dynamics, Surveys},
     year = 2003,
    month = nov,
   volume = 598,
    pages = {260--271},
}

@INPROCEEDINGS{Mamon00,
   author = {{Mamon}, G.~A.},
    title = {Theory of Galaxy Dynamics in Clusters and Groups},
 keywords = {CLUSTERS OF GALAXIES, GALAXY DYNAMICS},
booktitle = {Dynamics of Galaxies: from the Early Universe to the Present},
     year = 2000,
   series = {Astronomical Society of the Pacific Conference Series},
   volume = 197,
   eprint = {arXiv:astro-ph/9911333},
   editor = "{F.~Combes, G.~A.~Mamon, \& V.~Charmandaris}",
    pages = {--{377}},
}

@ARTICLE{LW09,
   author = {{Li}, C. and {White}, S.~D.~M.},
    title = {The distribution of stellar mass in the low-redshift Universe},
  journal = {\mnras},
archivePrefix = "arXiv",
   eprint = {0901.0706},
 primaryClass = "astro-ph.CO",
 keywords = {galaxies: clusters: general , galaxies: distances and redshifts , cosmology: theory , dark matter , large-scale structure of Universe},
     year = 2009,
    month = oct,
   volume = 398,
    pages = {2177--2187},
}

@INPROCEEDINGS{Mamon07,
   author = {{Mamon}, G.~A.},
    title = {The Evolution of Galaxy Groups and of Galaxies Therein},
booktitle = {Groups of Galaxies in the Nearby Universe},
     year = 2007,
   eprint = {arXiv:astro-ph/0607482},
   editor = "{I.~Saviane, V.~D.~Ivanov, \& J.~Borissova}",
    pages = {--{203}},
}

@ARTICLE{More+09,
   author = {{More}, S. and {van den Bosch}, F.~C. and {Cacciato}, M. and
	{Mo}, H.~J. and {Yang}, X. and {Li}, R.},
    title = {Satellite kinematics - II. The halo mass-luminosity relation of central galaxies in SDSS},
  journal = {\mnras},
archivePrefix = "arXiv",
   eprint = {0807.4532},
 keywords = {methods: statistical , galaxies: fundamental parameters , galaxies: haloes , galaxies: kinematics and dynamics , galaxies: structure , dark matter},
     year = 2009,
    month = jan,
   volume = 392,
    pages = {801--816},
}

@ARTICLE{KP09,
   author = {{Klypin}, A. and {Prada}, F.},
    title = {Testing Gravity With Motion of Satellites Around Galaxies: Newtonian Gravity Against Modified Newtonian Dynamics},
  journal = {\apj},
archivePrefix = "arXiv",
   eprint = {0706.3554},
 keywords = {cosmology: theory, dark matter, galaxies: halos, galaxies: structure, methods: numerical},
     year = 2009,
    month = jan,
   volume = 690,
    pages = {1488--1496},
}

@ARTICLE{More+11,
   author = {{More}, S. and {van den Bosch}, F.~C. and {Cacciato}, M. and
	{Skibba}, R. and {Mo}, H.~J. and {Yang}, X.},
    title = {Satellite kinematics - III. Halo masses of central galaxies in SDSS},
  journal = {\mnras},
archivePrefix = "arXiv",
   eprint = {1003.3203},
 primaryClass = "astro-ph.CO",
 keywords = {methods: statistical, galaxies: haloes, galaxies: kinematics and dynamics, galaxies: structure, dark matter},
     year = 2011,
    month = jan,
   volume = 410,
    pages = {210--226},
}

@ARTICLE{Colless+01,
   author = {{Colless}, M. and {Dalton}, G. and {Maddox}, S. and {Sutherland}, W. and
	{Norberg}, P. and {Cole}, S. and {Bland-Hawthorn}, J. and {Bridges}, T. and
	{Cannon}, R. and {Collins}, C. and {Couch}, W. and {Cross}, N. and
	{Deeley}, K. and {De Propris}, R. and {Driver}, S.~P. and {Efstathiou}, G. and
	{Ellis}, R.~S. and {Frenk}, C.~S. and {Glazebrook}, K. and {Jackson}, C. and
	{Lahav}, O. and {Lewis}, I. and {Lumsden}, S. and {Madgwick}, D. and
	{Peacock}, J.~A. and {Peterson}, B.~A. and {Price}, I. and {Seaborne}, M. and
	{Taylor}, K.},
    title = {The 2dF Galaxy Redshift Survey: spectra and redshifts},
  journal = {\mnras},
   eprint = {arXiv:astro-ph/0106498},
 keywords = {SURVEYS, GALAXIES: CLUSTERS: GENERAL, GALAXIES: DISTANCES AND REDSHIFTS, COSMOLOGY: OBSERVATIONS, LARGE-SCALE STRUCTURE OF UNIVERSE},
     year = 2001,
    month = dec,
   volume = 328,
    pages = {1039--1063},
}

@book{mo2010galaxy,
  title={Galaxy Formation and Evolution},
  author={Mo, H. and Bosch, F.V. and White, S.D.M.},
  isbn={9780521857932},
  lccn={2009054020},
  series={Galaxy Formation and Evolution},
  publisher={Cambridge University Press}
}

@ARTICLE{Skibba+11,
   author = {{Skibba}, R.~A. and {van den Bosch}, F.~C. and {Yang}, X. and
	{More}, S. and {Mo}, H. and {Fontanot}, F.},
    title = {Are brightest halo galaxies central galaxies?},
  journal = {\mnras},
archivePrefix = "arXiv",
   eprint = {1001.4533},
 primaryClass = "astro-ph.CO",
 keywords = {methods: statistical, galaxies: clusters: general, galaxies: haloes, galaxies: kinematics and dynamics, dark matter},
     year = 2011,
    month = jan,
   volume = 410,
    pages = {417--431},
}

@ARTICLE{HN79,
   author = {{Harrison}, E.~R. and {Noonan}, T.~W.},
    title = {Interpretation of extragalactic redshifts},
  journal = {\apj},
 keywords = {GALACTIC CLUSTERS, RED SHIFT, RELATIVITY, COSMOLOGY, RADIAL VELOCITY, SOLAR SYSTEM},
     year = 1979,
    month = aug,
   volume = 232,
    pages = {--{18}},
}

@ARTICLE{WLGM05,
   author = {{Wojtak}, R. and {{\L}okas}, E.~L. and {Gottl{\"o}ber}, S. and
	{Mamon}, G.~A.},
    title = {Radial velocity moments of dark matter haloes},
  journal = {\mnras},
   eprint = {arXiv:astro-ph/0503391},
 keywords = {methods: analytical, methods: N-body simulations, galaxies: clusters: general, galaxies: kinematics and dynamics, dark matter},
     year = 2005,
    month = jul,
   volume = 361,
    pages = {L1--L5},
}

@ARTICLE{Wojtak+08,
   author = {{Wojtak}, R. and {{\L}okas}, E.~L. and {Mamon}, G.~A. and {Gottl{\"o}ber}, S. and
	{Klypin}, A. and {Hoffman}, Y.},
    title = {The distribution function of dark matter in massive haloes},
  journal = {\mnras},
archivePrefix = "arXiv",
   eprint = {0802.0429},
 keywords = {methods: analytical , methods: N-body simulations , galaxies: clusters: general , galaxies: kinematics and dynamics , dark matter},
     year = 2008,
    month = aug,
   volume = 388,
    pages = {815--828},
}

@ARTICLE{WHH11,
   author = {{Wojtak}, R. and {Hansen}, S.~H. and {Hjorth}, J.},
    title = {Gravitational redshift of galaxies in clusters as predicted by general relativity},
  journal = {\nat},
archivePrefix = "arXiv",
   eprint = {1109.6571},
 primaryClass = "astro-ph.CO",
     year = 2011,
    month = sep,
   volume = 477,
    pages = {567--569},
}

@ARTICLE{YMvdB08,
   author = {{Yang}, X. and {Mo}, H.~J. and {van den Bosch}, F.~C.},
    title = {Galaxy Groups in the SDSS DR4. II. Halo Occupation Statistics},
  journal = {\apj},
archivePrefix = "arXiv",
   eprint = {0710.5096},
 keywords = {Cosmology: Dark Matter, Galaxies: Halos, Cosmology: Large-Scale Structure of Universe, Methods: Statistical},
     year = 2008,
    month = mar,
   volume = 676,
    pages = {248--261},
}

@ARTICLE{FS09,
   author = {{Fairbairn}, M. and {Schwetz}, T.},
    title = {Spin-independent elastic WIMP scattering and the DAMA annual modulation signal},
  journal = {\jcap},
archivePrefix = "arXiv",
   eprint = {0808.0704},
 primaryClass = "hep-ph",
     year = 2009,
    month = jan,
   volume = 1,
    pages = {--{37}},
}

@ARTICLE{MP09,
   author = {{Montero-Dorta}, A.~D. and {Prada}, F.},
    title = {The SDSS DR6 luminosity functions of galaxies},
  journal = {\mnras},
archivePrefix = "arXiv",
   eprint = {0806.4930},
 keywords = {catalogues , surveys , galaxies: luminosity function, mass function , large-scale structure of Universe},
     year = 2009,
    month = nov,
   volume = 399,
    pages = {1106--1118},
}

@ARTICLE{ML05a,
   author = {{Mamon}, G.~A. and {{\L}okas}, E.~L.},
    title = {Dark matter in elliptical galaxies - II. Estimating the mass within the virial radius},
  journal = {\mnras},
   eprint = {arXiv:astro-ph/0405491},
 keywords = {methods: analytical, galaxies: elliptical and lenticular, cD, galaxies: haloes, galaxies: kinematics and dynamics, galaxies: structure},
     year = 2005,
    month = nov,
   volume = 363,
    pages = {705--722},
}

@ARTICLE{LM01,
   author = {{{\L}okas}, E.~L. and {Mamon}, G.~A.},
    title = {Properties of spherical galaxies and clusters with an NFW density profile},
  journal = {\mnras},
   eprint = {arXiv:astro-ph/0002395},
 keywords = {METHODS: ANALYTICAL, GALAXIES: CLUSTERS: GENERAL, LARGE-SCALE STRUCTURE OF UNIVERSE, methods: analytical, galaxies: clusters: general, large-scale structure of Universe},
     year = 2001,
    month = feb,
   volume = 321,
    pages = {155--166},
}

@ARTICLE{Berrier+11,
   author = {{Berrier}, H.~D. and {Barton}, E.~J. and {Berrier}, J.~C. and
	{Bullock}, J.~S. and {Zentner}, A.~R. and {Wechsler}, R.~H.},
    title = {Counts-in-cylinders in the Sloan Digital Sky Survey with Comparisons to N-body Simulations},
  journal = {\apj},
archivePrefix = "arXiv",
   eprint = {1010.5518},
 primaryClass = "astro-ph.CO",
 keywords = {cosmology: theory, galaxies: evolution, galaxies: formation, galaxies: interactions, galaxies: statistics, large-scale structure of universe},
     year = 2011,
    month = jan,
   volume = 726,
      eid = {1},
    pages = {--{1}},
}

@ARTICLE{HSJ11,
   author = {{Haas}, M.~R. and {Schaye}, J. and {Jeeson-Daniel}, A.},
    title = {Disentangling galaxy environment and host halo mass},
  journal = {\mnras},
archivePrefix = "arXiv",
   eprint = {1103.0547},
 primaryClass = "astro-ph.CO",
 keywords = {methods: statistical, galaxies: evolution, galaxies: fundamental parameters, galaxies: general, galaxies: haloes, galaxies: statistics},
     year = 2011,
    month = nov,
    pages = {--{1812}},
}

@ARTICLE{Muldrew+11,
   author = {{Muldrew}, S.~I. and {Croton}, D.~J. and {Skibba}, R.~A. and
	{Pearce}, F.~R. and {Ann}, H.~B. and {Baldry}, I.~K. and {Brough}, S. and
	{Choi}, Y.-Y. and {Conselice}, C.~J. and {Cowan}, N.~B. and
	{Gallazzi}, A. and {Gray}, M.~E. and {Gr{\"u}tzbauch}, R. and
	{Li}, I.-H. and {Park}, C. and {Pilipenko}, S.~V. and {Podgorzec}, B.~J. and
	{Robotham}, A.~S.~G. and {Wilman}, D.~J. and {Yang}, X. and
	{Zhang}, Y. and {Zibetti}, S.},
    title = {Measures of galaxy environment - I. What is 'environment'?},
  journal = {\mnras},
archivePrefix = "arXiv",
   eprint = {1109.6328},
 primaryClass = "astro-ph.CO",
 keywords = {methods: numerical, methods: statistical, galaxies: evolution, galaxies: haloes, dark matter, large-scale structure of Universe},
     year = 2011,
    month = nov,
    pages = {--{1915}},
}

@ARTICLE{Robotham+11,
   author = {{Robotham}, A.~S.~G. and {Norberg}, P. and {Driver}, S.~P. and
	{Baldry}, I.~K. and {Bamford}, S.~P. and {Hopkins}, A.~M. and
	{Liske}, J. and {Loveday}, J. and {Merson}, A. and {Peacock}, J.~A. and
	{Brough}, S. and {Cameron}, E. and {Conselice}, C.~J. and {Croom}, S.~M. and
	{Frenk}, C.~S. and {Gunawardhana}, M. and {Hill}, D.~T. and
	{Jones}, D.~H. and {Kelvin}, L.~S. and {Kuijken}, K. and {Nichol}, R.~C. and
	{Parkinson}, H.~R. and {Pimbblet}, K.~A. and {Phillipps}, S. and
	{Popescu}, C.~C. and {Prescott}, M. and {Sharp}, R.~G. and {Sutherland}, W.~J. and
	{Taylor}, E.~N. and {Thomas}, D. and {Tuffs}, R.~J. and {van Kampen}, E. and
	{Wijesinghe}, D.},
    title = {Galaxy and Mass Assembly (GAMA): the GAMA galaxy group catalogue (G$^{3}$Cv1)},
  journal = {\mnras},
archivePrefix = "arXiv",
   eprint = {1106.1994},
 primaryClass = "astro-ph.CO",
 keywords = {galaxies: groups: general, galaxies: haloes, dark matter, large-scale structure of Universe},
     year = 2011,
    month = oct,
   volume = 416,
    pages = {2640--2668},
}

@ARTICLE{Skibba09,
   author = {{Skibba}, R.~A.},
    title = {Central and satellite colours in galaxy groups: a comparison of the halo model and SDSS group catalogues},
  journal = {\mnras},
archivePrefix = "arXiv",
   eprint = {0805.1233},
 keywords = {methods: analytical , methods: statistical , galaxies: clusters: general , galaxies: formation , galaxies: haloes , large scale structure of the universe},
     year = 2009,
    month = feb,
   volume = 392,
    pages = {1467--1474},
}

@INPROCEEDINGS{DL01,
   author = {{Davis}, T.~M. and {Lineweaver}, C.~H.},
    title = {Superluminal recession velocities},
booktitle = {Cosmology and Particle Physics},
     year = 2001,
   series = {American Institute of Physics Conference Series},
   volume = 555,
   eprint = {arXiv:astro-ph/0011070},
   editor = "{R.~Durrer, J.~Garcia-Bellido, \& M.~Shaposhnikov}",
    month = feb,
    pages = {348--351},
}

@ARTICLE{Skibba+09,
   author = {{Skibba}, R.~A. and {Bamford}, S.~P. and {Nichol}, R.~C. and
	{Lintott}, C.~J. and {Andreescu}, D. and {Edmondson}, E.~M. and
	{Murray}, P. and {Raddick}, M.~J. and {Schawinski}, K. and {Slosar}, A. and
	{Szalay}, A.~S. and {Thomas}, D. and {Vandenberg}, J.},
    title = {Galaxy Zoo: disentangling the environmental dependence of morphology and colour},
  journal = {\mnras},
archivePrefix = "arXiv",
   eprint = {0811.3970},
 keywords = {methods: statistical , galaxies: clusters: general , galaxies: evolution , galaxies: haloes , galaxies: structure , large-scale structure of Universe},
     year = 2009,
    month = oct,
   volume = 399,
    pages = {966--982},
}

@ARTICLE{Tweed+09,
   author = {{Tweed}, D. and {Devriendt}, J. and {Blaizot}, J. and {Colombi}, S. and
	{Slyz}, A.},
    title = {Building merger trees from cosmological N-body simulations. Towards improving galaxy formation models using subhaloes},
  journal = {\aap},
archivePrefix = "arXiv",
   eprint = {0902.0679},
 primaryClass = "astro-ph.CO",
 keywords = {methods: numerical, methods: N-body simulations, cosmology: large-scale structure of Universe},
     year = 2009,
    month = nov,
   volume = 506,
    pages = {647--660},
}

@ARTICLE{Strauss+02,
   author = {{Strauss}, M.~A. and {Weinberg}, D.~H. and {Lupton}, R.~H. and
	{Narayanan}, V.~K. and {Annis}, J. and {Bernardi}, M. and {Blanton}, M. and
	{Burles}, S. and {Connolly}, A.~J. and {Dalcanton}, J. and {Doi}, M. and
	{Eisenstein}, D. and {Frieman}, J.~A. and {Fukugita}, M. and
	{Gunn}, J.~E. and {Ivezi{\'c}}, {\v Z}. and {Kent}, S. and {Kim}, R.~S.~J. and
	{Knapp}, G.~R. and {Kron}, R.~G. and {Munn}, J.~A. and {Newberg}, H.~J. and
	{Nichol}, R.~C. and {Okamura}, S. and {Quinn}, T.~R. and {Richmond}, M.~W. and
	{Schlegel}, D.~J. and {Shimasaku}, K. and {SubbaRao}, M. and
	{Szalay}, A.~S. and {Vanden Berk}, D. and {Vogeley}, M.~S. and
	{Yanny}, B. and {Yasuda}, N. and {York}, D.~G. and {Zehavi}, I.
	},
    title = {Spectroscopic Target Selection in the Sloan Digital Sky Survey: The Main Galaxy Sample},
  journal = {\aj},
   eprint = {arXiv:astro-ph/0206225},
 keywords = {Galaxies: Distances and Redshifts, Galaxies: Photometry, Surveys},
     year = 2002,
    month = sep,
   volume = 124,
    pages = {1810--1824},
}

@ARTICLE{Zehavi+11,
   author = {{Zehavi}, I. and {Zheng}, Z. and {Weinberg}, D.~H. and {Blanton}, M.~R. and
	{Bahcall}, N.~A. and {Berlind}, A.~A. and {Brinkmann}, J. and
	{Frieman}, J.~A. and {Gunn}, J.~E. and {Lupton}, R.~H. and {Nichol}, R.~C. and
	{Percival}, W.~J. and {Schneider}, D.~P. and {Skibba}, R.~A. and
	{Strauss}, M.~A. and {Tegmark}, M. and {York}, D.~G.},
    title = {Galaxy Clustering in the Completed SDSS Redshift Survey: The Dependence on Color and Luminosity},
  journal = {\apj},
archivePrefix = "arXiv",
   eprint = {1005.2413},
 primaryClass = "astro-ph.CO",
 keywords = {cosmology: observations, cosmology: theory, galaxies: distances and redshifts, galaxies: halos, galaxies: statistics, large-scale structure of universe},
     year = 2011,
    month = jul,
   volume = 736,
      eid = {59},
    pages = {--{59}},
}

