@Article{Mamon+05,
  Title    = {Dark matter in elliptical galaxies - II. Estimating the mass within the virial radius},
  Author   = {{Mamon}, G.~A. and {{\L}okas}, E.~L.},
  Journal  = {\mnras},
  Year     = {2005},

  Month    = nov,
  Pages    = {705--722},
  Volume   = {363},

  Eprint   = {arXiv:astro-ph/0405491},
  Keywords = {methods: analytical, galaxies: elliptical and lenticular, cD, galaxies: haloes, galaxies: kinematics and dynamics, galaxies: structure}
}

@Article{Blanton+05,
  Title    = {{The Properties and Luminosity Function of Extremely Low Luminosity Galaxies}},
  Author   = {{Blanton}, M.~R. and {Lupton}, R.~H. and {Schlegel}, D.~J. and {Strauss}, M.~A. and {Brinkmann}, J. and {Fukugita}, M. and {Loveday}, J.},
  Journal  = {\apj},
  Year     = {2005},

  Month    = sep,
  Pages    = {208--230},
  Volume   = {631},

  Eprint   = {arXiv:astro-ph/0410164},
  Keywords = {Galaxies: Dwarf, Galaxies: Fundamental Parameters, Galaxies: Luminosity Function, Mass Function, Galaxies: Statistics}
}

@Article{WU+10,
  Title         = {{An analytical approach for the determination of the luminosity distance in a flat universe with dark energy}},
  Author        = {{Wickramasinghe}, T. and {Ukwatta}, T.~N.},
  Journal       = {\mnras},
  Year          = {2010},

  Month         = jul,
  Pages         = {548--550},
  Volume        = {406},

  Archiveprefix = {arXiv},
  Eprint        = {1003.0483},
  Keywords      = {distance scale},
  Primaryclass  = {astro-ph.CO}
}

@Article{vandenBosch+02,
  Title    = {{The universal mass accretion history of cold dark matter haloes}},
  Author   = {{van den Bosch}, F.~C.},
  Journal  = {\mnras},
  Year     = {2002},

  Month    = mar,
  Pages    = {98-110},
  Volume   = {331},

  Adsnote  = {Provided by the SAO/NASA Astrophysics Data System},
  Adsurl   = {http://cdsads.u-strasbg.fr/abs/2002MNRAS.331...98V},
  Doi      = {10.1046/j.1365-8711.2002.05171.x},
  Eprint   = {arXiv:astro-ph/0105158},
  Keywords = {stars: formation, galaxies: formation, galaxies: haloes, cosmology: theory, dark matter, stars: formation; galaxies: formation; galaxies: haloes; cosmology: theory; dark matter}
}

@ARTICLE{Berlind+06,
  author = {{Berlind}, A.~A. and {Frieman}, J. and {Weinberg}, D.~H. and
      {Blanton}, M.~R. and {Warren}, M.~S. and {Abazajian}, K. and {Scranton},
      R. and {Hogg}, D.~W. and {Scoccimarro}, R. and {Bahcall}, N.~A. and
      {Brinkmann}, J. and {Gott}, III, J.~R. and {Kleinman}, S.~J. and
      {Krzesinski}, J. and {Lee}, B.~C. and {Miller}, C.~J. and {Nitta}, A. },
  title = {{Percolation Galaxy Groups and Clusters in the SDSS Redshift Survey:
      Identification, Catalogs, and the Multiplicity Function}},
  journal = {\apjs},
  year = {2006},
  volume = {167},
  pages = {1-25},
  month = nov,
  adsnote = {Provided by the SAO/NASA Astrophysics Data System},
  adsurl = {http://cdsads.u-strasbg.fr/abs/2006ApJS..167....1B},
  doi = {10.1086/508170},
  eprint = {arXiv:astro-ph/0601346},
  keywords = {Galaxies: Clusters: General, Cosmology: Large-Scale Structure of Universe}
}

@ARTICLE{Eke+04,
  author = {{Eke}, V.~R. and {Baugh}, C.~M. and {Cole}, S. and {Frenk}, C.~S.
      and {Norberg}, P. and {Peacock}, J.~A. and {Baldry}, I.~K. and
      {Bland-Hawthorn}, J. and {Bridges}, T. and {Cannon}, R. and {Colless}, M.
      and {Collins}, C. and {Couch}, W. and {Dalton}, G. and {de Propris}, R.
          and {Driver}, S.~P. and {Efstathiou}, G. and {Ellis}, R.~S. and
          {Glazebrook}, K. and {Jackson}, C. and {Lahav}, O. and {Lewis}, I.
      and {Lumsden}, S. and {Maddox}, S. and {Madgwick}, D. and {Peterson},
          B.~A. and {Sutherland}, W. and {Taylor}, K.},
  title = {{Galaxy groups in the 2dFGRS: the group-finding algorithm and the
      2PIGG catalogue}},
  journal = {\mnras},
  year = {2004},
  volume = {348},
  pages = {866--878},
  month = mar,
  eprint = {arXiv:astro-ph/0402567},
  keywords = {catalogues, galaxies: clusters: general}
}

@INPROCEEDINGS{Tully+78,
   author = {{Tully}, R.~B. and {Fisher}, J.~R.},
    title = "{Nearby small groups of galaxies}",
 keywords = {Galaxies, Red Shift, Spatial Distribution, Virial Theorem,
     Celestial Sphere, Covariance, Density (Number/Volume), Galactic
         Clusters, Luminous Intensity, Radial Velocity, Southern Hemisphere,
 Statistical Correlation},
booktitle = {Large Scale Structures in the Universe},
     year = 1978,
   series = {IAU Symposium},
   volume = 79,
   editor = {{Longair}, M.~S. and {Einasto}, J.},
    pages = {31-45},
   adsurl = {http://adsabs.harvard.edu/abs/1978IAUS...79...31T},
  adsnote = {Provided by the SAO/NASA Astrophysics Data System}
}

@ARTICLE{Jackson+72,
   author = {{Jackson}, J.~C.},
    title = "{A critique of Rees's theory of primordial gravitational
        radiation}",
  journal = {\mnras},
     year = 1972,
   volume = 156,
    pages = {1P},
   adsurl = {http://adsabs.harvard.edu/abs/1972MNRAS.156P...1J},
  adsnote = {Provided by the SAO/NASA Astrophysics Data System}
}

@ARTICLE{Hirschmann+13,
   author = {{Hirschmann}, M. and {Naab}, T. and {Dav{\'e}}, R. and
       {Oppenheimer}, B.~D. and
    {Ostriker}, J.~P. and {Somerville}, R.~S. and {Oser}, L. and
    {Genzel}, R. and {Tacconi}, L.~J. and {F{\"o}rster-Schreiber}, N.~M. and
    {Burkert}, A. and {Genel}, S.},
    title = "{The effect of metal enrichment and galactic winds on galaxy
        formation in cosmological zoom simulations}",
  journal = {\mnras},
archivePrefix = "arXiv",
   eprint = {1309.2946},
 primaryClass = "astro-ph.CO",
 keywords = {methods: numerical, galaxies: evolution, galaxies: formation,
     galaxies: general, galaxies: kinematics and dynamics, galaxies: stellar
 content},
     year = 2013,
    month = dec,
   volume = 436,
    pages = {2929-2949},
      doi = {10.1093/mnras/stt1770},
   adsurl = {http://adsabs.harvard.edu/abs/2013MNRAS.436.2929H},
  adsnote = {Provided by the SAO/NASA Astrophysics Data System}
}

@ARTICLE{Brooks+13,
   author = {{Brooks}, A.~M. and {Kuhlen}, M. and {Zolotov}, A. and
       {Hooper}, D.
    },
    title = "{A Baryonic Solution to the Missing Satellites Problem}",
  journal = {\apj},
archivePrefix = "arXiv",
   eprint = {1209.5394},
 primaryClass = "astro-ph.CO",
 keywords = {cosmology: observations, cosmology: theory, dark matter,
     galaxies: dwarf },
     year = 2013,
    month = mar,
   volume = 765,
      eid = {22},
    pages = {22},
      doi = {10.1088/0004-637X/765/1/22},
   adsurl = {http://adsabs.harvard.edu/abs/2013ApJ...765...22B},
  adsnote = {Provided by the SAO/NASA Astrophysics Data System}
}

@ARTICLE{Weinmann+12,
   author = {{Weinmann}, S.~M. and {Pasquali}, A. and {Oppenheimer}, B.~D.
       and
    {Finlator}, K. and {Mendel}, J.~T. and {Crain}, R.~A. and {Macci{\`o}},
   A.~V.
    },
    title = "{A fundamental problem in our understanding of low-mass galaxy
evolution}",
  journal = {\mnras},
archivePrefix = "arXiv",
   eprint = {1204.4184},
 primaryClass = "astro-ph.CO",
 keywords = {galaxies: abundances, galaxies: evolution, galaxies:
     statistics},
     year = 2012,
    month = nov,
   volume = 426,
    pages = {2797-2812},
      doi = {10.1111/j.1365-2966.2012.21931.x},
   adsurl = {http://adsabs.harvard.edu/abs/2012MNRAS.426.2797W},
  adsnote = {Provided by the SAO/NASA Astrophysics Data System}
}

@ARTICLE{Kravtsov+12,
   author = {{Kravtsov}, A.~V. and {Borgani}, S.},
    title = "{Formation of Galaxy Clusters}",
  journal = {\araa},
archivePrefix = "arXiv",
   eprint = {1205.5556},
 primaryClass = "astro-ph.CO",
     year = 2012,
    month = sep,
   volume = 50,
    pages = {353-409},
      doi = {10.1146/annurev-astro-081811-125502},
   adsurl = {http://adsabs.harvard.edu/abs/2012ARA%26A..50..353K},
  adsnote = {Provided by the SAO/NASA Astrophysics Data System}
}

@ARTICLE{Silk+12,
   author = {{Silk}, J. and {Mamon}, G.~A.},
    title = "{The current status of galaxy formation}",
  journal = {Research in Astronomy and Astrophysics},
archivePrefix = "arXiv",
   eprint = {1207.3080},
 primaryClass = "astro-ph.CO",
     year = 2012,
    month = aug,
   volume = 12,
    pages = {917-946},
      doi = {10.1088/1674-4527/12/8/004},
   adsurl = {http://adsabs.harvard.edu/abs/2012RAA....12..917S},
  adsnote = {Provided by the SAO/NASA Astrophysics Data System}
}

@ARTICLE{Benson+10,
   author = {{Benson}, A.~J.},
    title = "{Galaxy formation theory}",
  journal = {\physrep},
archivePrefix = "arXiv",
   eprint = {1006.5394},
 primaryClass = "astro-ph.CO",
     year = 2010,
    month = oct,
   volume = 495,
    pages = {33-86},
      doi = {10.1016/j.physrep.2010.06.001},
   adsurl = {http://adsabs.harvard.edu/abs/2010PhR...495...33B},
  adsnote = {Provided by the SAO/NASA Astrophysics Data System}
}

@ARTICLE{Silk+13,
   author = {{Silk}, J. and {Di Cintio}, A. and {Dvorkin}, I.},
    title = "{Galaxy formation}",
  journal = {ArXiv e-prints},
archivePrefix = "arXiv",
   eprint = {1312.0107},
 primaryClass = "astro-ph.CO",
 keywords = {Astrophysics - Cosmology and Extragalactic Astrophysics},
     year = 2013,
    month = nov,
   adsurl = {http://adsabs.harvard.edu/abs/2013arXiv1312.0107S},
  adsnote = {Provided by the SAO/NASA Astrophysics Data System}
}

@ARTICLE{Zentner+07,
   author = {{Zentner}, A.~R.},
    title = "{The Excursion Set Theory of Halo Mass Functions, Halo
        Clustering, and Halo Growth}",
  journal = {International Journal of Modern Physics D},
   eprint = {astro-ph/0611454},
 keywords = {Dark matter, large-scale structure of the universe, galaxy
     formation, statistics},
     year = 2007,
   volume = 16,
    pages = {763-815},
      doi = {10.1142/S0218271807010511},
   adsurl = {http://adsabs.harvard.edu/abs/2007IJMPD..16..763Z},
  adsnote = {Provided by the SAO/NASA Astrophysics Data System}
}

@ARTICLE{Hubble+29,
   author = {{Hubble}, E.~P.},
    title = "{A spiral nebula as a stellar system, Messier 31.}",
  journal = {\apj},
     year = 1929,
    month = mar,
   volume = 69,
    pages = {103-158},
      doi = {10.1086/143167},
   adsurl = {http://adsabs.harvard.edu/abs/1929ApJ....69..103H},
  adsnote = {Provided by the SAO/NASA Astrophysics Data System}
}

@ARTICLE{Yang+09,
   author = {{Yang}, X. and {Mo}, H.~J. and {van den Bosch}, F.~C.},
    title = "{Galaxy Groups in the SDSS DR4. III. The Luminosity and Stellar
Mass Functions}",
  journal = {\apj},
archivePrefix = "arXiv",
   eprint = {0808.0539},
 keywords = {dark matter, galaxies: halos, large-scale structure of
     universe, methods: statistical},
     year = 2009,
    month = apr,
   volume = 695,
    pages = {900-916},
      doi = {10.1088/0004-637X/695/2/900},
   adsurl = {http://adsabs.harvard.edu/abs/2009ApJ...695..900Y},
  adsnote = {Provided by the SAO/NASA Astrophysics Data System}
}

@ARTICLE{Wojtak+11,
   author = {{Wojtak}, R. and {Hansen}, S.~H. and {Hjorth}, J.},
    title = "{Gravitational redshift of galaxies in clusters as predicted by
general relativity}",
  journal = {\nat},
archivePrefix = "arXiv",
   eprint = {1109.6571},
 primaryClass = "astro-ph.CO",
     year = 2011,
    month = sep,
   volume = 477,
    pages = {567-569},
      doi = {10.1038/nature10445},
   adsurl = {http://adsabs.harvard.edu/abs/2011Natur.477..567W},
  adsnote = {Provided by the SAO/NASA Astrophysics Data System}
}

@ARTICLE{Yang+05,
   author = {{Yang}, X. and {Mo}, H.~J. and {van den Bosch}, F.~C. and {Jing}, Y.~P.
	},
    title = "{A halo-based galaxy group finder: calibration and application to the 2dFGRS}",
  journal = {\mnras},
   eprint = {astro-ph/0405234},
 keywords = {methods: statistical, galaxies: haloes, dark matter, large-scale structure of the Universe},
     year = 2005,
    month = feb,
   volume = 356,
    pages = {1293-1307},
      doi = {10.1111/j.1365-2966.2005.08560.x},
   adsurl = {http://adsabs.harvard.edu/abs/2005MNRAS.356.1293Y},
  adsnote = {Provided by the SAO/NASA Astrophysics Data System}
}

@ARTICLE{Okamoto+03,
   author = {{Okamoto}, T. and {Nagashima}, M.},
    title = "{Environmental Effects on Evolution of Cluster Galaxies in a
    {$\Lambda$}-dominated Cold Dark Matter Universe}",
  journal = {\apj},
   eprint = {astro-ph/0108434},
 keywords = {Galaxies: Clusters: General, Galaxies: Evolution, Galaxies:
     Formation, Galaxies: Halos, Galaxies: Interactions},
     year = 2003,
    month = apr,
   volume = 587,
    pages = {500-513},
      doi = {10.1086/368251},
   adsurl = {http://adsabs.harvard.edu/abs/2003ApJ...587..500O},
  adsnote = {Provided by the SAO/NASA Astrophysics Data System}
}

@ARTICLE{Font+08,
   author = {{Font}, A.~S. and {Bower}, R.~G. and {McCarthy}, I.~G. and
       {Benson}, A.~J. and
    {Frenk}, C.~S. and {Helly}, J.~C. and {Lacey}, C.~G. and {Baugh}, C.~M.
   and
    {Cole}, S.},
    title = "{The colours of satellite galaxies in groups and clusters}",
  journal = {\mnras},
archivePrefix = "arXiv",
   eprint = {0807.0001},
 keywords = {galaxies: clusters: general , galaxies: evolution , galaxies:
     fundamental parameters , galaxies: luminosity function, mass function},
     year = 2008,
    month = oct,
   volume = 389,
    pages = {1619-1629},
      doi = {10.1111/j.1365-2966.2008.13698.x},
   adsurl = {http://adsabs.harvard.edu/abs/2008MNRAS.389.1619F},
  adsnote = {Provided by the SAO/NASA Astrophysics Data System}
}

@ARTICLE{Lanzoni+05,
   author = {{Lanzoni}, B. and {Guiderdoni}, B. and {Mamon}, G.~A. and
       {Devriendt}, J. and
    {Hatton}, S.},
    title = "{GALICS- VI. Modelling hierarchical galaxy formation in
        clusters}",
  journal = {\mnras},
   eprint = {astro-ph/0502490},
 keywords = {galaxies: clusters: general, galaxies: formation, galaxies:
     haloes, cosmology: theory, dark matter},
     year = 2005,
    month = aug,
   volume = 361,
    pages = {369-384},
      doi = {10.1111/j.1365-2966.2005.09252.x},
   adsurl = {http://adsabs.harvard.edu/abs/2005MNRAS.361..369L},
  adsnote = {Provided by the SAO/NASA Astrophysics Data System}
}

@ARTICLE{Ebeling+13,
   author = {{Ebeling}, H. and {Stephenson}, L.~N. and {Edge}, A.~C.},
    title = "{Jellyfish: Evidence of extreme ram-pressure stripping in
        massive galaxy clusters}",
  journal = {ArXiv e-prints},
archivePrefix = "arXiv",
   eprint = {1312.6135},
 primaryClass = "astro-ph.CO",
 keywords = {Astrophysics - Cosmology and Extragalactic Astrophysics},
     year = 2013,
    month = dec,
   adsurl = {http://adsabs.harvard.edu/abs/2013arXiv1312.6135E},
  adsnote = {Provided by the SAO/NASA Astrophysics Data System}
}

@ARTICLE{Bekki+13,
   author = {{Bekki}, K.},
    title = "{Galactic star formation enhanced and quenched by ram pressure
in groups and clusters}",
  journal = {ArXiv e-prints},
archivePrefix = "arXiv",
   eprint = {1311.3010},
 primaryClass = "astro-ph.CO",
 keywords = {Astrophysics - Cosmology and Extragalactic Astrophysics,
     Astrophysics - Galaxy Astrophysics},
     year = 2013,
    month = nov,
   adsurl = {http://adsabs.harvard.edu/abs/2013arXiv1311.3010B},
  adsnote = {Provided by the SAO/NASA Astrophysics Data System}
}

@ARTICLE{Larson+80,
   author = {{Larson}, R.~B. and {Tinsley}, B.~M. and {Caldwell}, C.~N.},
    title = "{The evolution of disk galaxies and the origin of S0
        galaxies}",
  journal = {\apj},
 keywords = {Disk Galaxies, Galactic Evolution, Spiral Galaxies, Digital
     Simulation, Galactic Structure, Gas Evolution, Stellar Evolution,
     Stellar Magnitude},
     year = 1980,
    month = may,
   volume = 237,
    pages = {692-707},
      doi = {10.1086/157917},
   adsurl = {http://adsabs.harvard.edu/abs/1980ApJ...237..692L},
  adsnote = {Provided by the SAO/NASA Astrophysics Data System}
}

@ARTICLE{Teyssier+10,
   author = {{Teyssier}, R. and {Chapon}, D. and {Bournaud}, F.},
    title = "{The Driving Mechanism of Starbursts in Galaxy Mergers}",
  journal = {\apjl},
archivePrefix = "arXiv",
   eprint = {1006.4757},
 primaryClass = "astro-ph.CO",
 keywords = {galaxies: formation, galaxies: interactions, galaxies:
     starburst, stars: formation},
     year = 2010,
    month = sep,
   volume = 720,
    pages = {L149-L154},
      doi = {10.1088/2041-8205/720/2/L149},
   adsurl = {http://adsabs.harvard.edu/abs/2010ApJ...720L.149T},
  adsnote = {Provided by the SAO/NASA Astrophysics Data System}
}

@ARTICLE{Cox+08,
   author = {{Cox}, T.~J. and {Jonsson}, P. and {Somerville}, R.~S. and
       {Primack}, J.~R. and
    {Dekel}, A.},
    title = "{The effect of galaxy mass ratio on merger-driven starbursts}",
  journal = {\mnras},
archivePrefix = "arXiv",
   eprint = {0709.3511},
 keywords = {methods: numerical , galaxies: evolution , galaxies: formation
 , galaxies: interactions , galaxies: starburst},
     year = 2008,
    month = feb,
   volume = 384,
    pages = {386-409},
      doi = {10.1111/j.1365-2966.2007.12730.x},
   adsurl = {http://adsabs.harvard.edu/abs/2008MNRAS.384..386C},
  adsnote = {Provided by the SAO/NASA Astrophysics Data System}
}

@ARTICLE{Bournaud+05,
   author = {{Bournaud}, F. and {Jog}, C.~J. and {Combes}, F.},
    title = "{Galaxy mergers with various mass ratios: Properties of
        remnants}",
  journal = {\aap},
   eprint = {astro-ph/0503189},
 keywords = {galaxies: evolution, galaxies: kinematics and dynamics,
     galaxies: formation, galaxies: interactions, galaxies: structure},
     year = 2005,
    month = jul,
   volume = 437,
    pages = {69-85},
      doi = {10.1051/0004-6361:20042036},
   adsurl = {http://adsabs.harvard.edu/abs/2005A%26A...437...69B},
  adsnote = {Provided by the SAO/NASA Astrophysics Data System}
}

@ARTICLE{Naab+99,
   author = {{Naab}, T. and {Burkert}, A. and {Hernquist}, L.},
    title = "{On the Formation of Boxy and Disky Elliptical Galaxies}",
  journal = {\apjl},
   eprint = {astro-ph/9908129},
 keywords = {GALAXIES: EVOLUTION, GALAXIES: INTERACTIONS, GALAXIES:
     STRUCTURE, METHODS: NUMERICAL},
     year = 1999,
    month = oct,
   volume = 523,
    pages = {L133-L136},
      doi = {10.1086/312275},
   adsurl = {http://adsabs.harvard.edu/abs/1999ApJ...523L.133N},
  adsnote = {Provided by the SAO/NASA Astrophysics Data System}
}

@ARTICLE{Chilingarian+10,
   author = {{Chilingarian}, I.~V. and {Melchior}, A.-L. and {Zolotukhin},
       I.~Y.
    },
    title = "{Analytical approximations of K-corrections in optical and
        near-infrared bands}",
  journal = {\mnras},
archivePrefix = "arXiv",
   eprint = {1002.2360},
 primaryClass = "astro-ph.IM",
 keywords = {galaxies: evolution, galaxies: fundamental parameters,
     galaxies: photometry, galaxies: stellar content},
     year = 2010,
    month = jul,
   volume = 405,
    pages = {1409-1420},
      doi = {10.1111/j.1365-2966.2010.16506.x},
   adsurl = {http://adsabs.harvard.edu/abs/2010MNRAS.405.1409C},
  adsnote = {Provided by the SAO/NASA Astrophysics Data System}
}

@ARTICLE{Wang+98,
   author = {{Wang}, L. and {Steinhardt}, P.~J.},
    title = {Cluster Abundance Constraints for Cosmological Models with a Time-varying, Spatially Inhomogeneous Energy Component with Negative Pressure},
  journal = {\apj},
   eprint = {astro-ph/9804015},
     year = 1998,
    month = dec,
   volume = 508,
    pages = {483--490},
      doi = {10.1086/306436},
}

@ARTICLE{Marinoni+02,
   author = {{Marinoni}, C. and {Davis}, M. and {Newman}, J.~A. and {Coil},
   A.~L.
    },
    title = "{Three-dimensional Identification and Reconstruction of Galaxy
Systems within Flux-limited Redshift Surveys}",
  journal = {\apj},
   eprint = {astro-ph/0112370},
 keywords = {Galaxies: Clusters: General, Galaxies: High-Redshift,
     Cosmology: Large-Scale Structure of Universe, Methods: Data Analysis},
     year = 2002,
    month = nov,
   volume = 580,
    pages = {122-143},
      doi = {10.1086/343092},
   adsurl = {http://adsabs.harvard.edu/abs/2002ApJ...580..122M},
  adsnote = {Provided by the SAO/NASA Astrophysics Data System}
}

@ARTICLE{Hopkins+13,
   author = {{Hopkins}, A.~M. and {Driver}, S.~P. and {Brough}, S. and
       {Owers}, M.~S. and
    {Bauer}, A.~E. and {Gunawardhana}, M.~L.~P. and {Cluver}, M.~E. and
    {Colless}, M. and {Foster}, C. and {Lara-L{\'o}pez}, M.~A. and
    {Roseboom}, I. and {Sharp}, R. and {Steele}, O. and {Thomas}, D. and
    {Baldry}, I.~K. and {Brown}, M.~J.~I. and {Liske}, J. and {Norberg}, P.
   and
    {Robotham}, A.~S.~G. and {Bamford}, S. and {Bland-Hawthorn}, J. and
    {Drinkwater}, M.~J. and {Loveday}, J. and {Meyer}, M. and {Peacock},
        J.~A. and
    {Tuffs}, R. and {Agius}, N. and {Alpaslan}, M. and {Andrae}, E. and
    {Cameron}, E. and {Cole}, S. and {Ching}, J.~H.~Y. and {Christodoulou},
   L. and
    {Conselice}, C. and {Croom}, S. and {Cross}, N.~J.~G. and {De Propris},
   R. and
    {Delhaize}, J. and {Dunne}, L. and {Eales}, S. and {Ellis}, S. and
    {Frenk}, C.~S. and {Graham}, A.~W. and {Grootes}, M.~W. and
    {H{\"a}u{\ss}ler}, B. and {Heymans}, C. and {Hill}, D. and {Hoyle}, B.
    and
    {Hudson}, M. and {Jarvis}, M. and {Johansson}, J. and {Jones}, D.~H. and
    {van Kampen}, E. and {Kelvin}, L. and {Kuijken}, K. and
    {L{\'o}pez-S{\'a}nchez}, {\'A}. and
    {Maddox}, S. and {Madore}, B. and {Maraston}, C. and {McNaught-Roberts},
   T. and
    {Nichol}, R.~C. and {Oliver}, S. and {Parkinson}, H. and {Penny}, S. and
    {Phillipps}, S. and {Pimbblet}, K.~A. and {Ponman}, T. and {Popescu},
        C.~C. and
    {Prescott}, M. and {Proctor}, R. and {Sadler}, E.~M. and {Sansom}, A.~E.
   and
    {Seibert}, M. and {Staveley-Smith}, L. and {Sutherland}, W. and
    {Taylor}, E. and {Van Waerbeke}, L. and {V{\'a}zquez-Mata}, J.~A. and
    {Warren}, S. and {Wijesinghe}, D.~B. and {Wild}, V. and {Wilkins}, S.
    },
    title = "{Galaxy And Mass Assembly (GAMA): spectroscopic analysis}",
  journal = {\mnras},
archivePrefix = "arXiv",
   eprint = {1301.7127},
 primaryClass = "astro-ph.CO",
 keywords = {galaxies: evolution, galaxies: formation, galaxies: general},
     year = 2013,
    month = apr,
   volume = 430,
    pages = {2047-2066},
      doi = {10.1093/mnras/stt030},
   adsurl = {http://adsabs.harvard.edu/abs/2013MNRAS.430.2047H},
  adsnote = {Provided by the SAO/NASA Astrophysics Data System}
}

@ARTICLE{Robotham+10,
   author = {{Robotham}, A. and {Phillipps}, S. and {de Propris}, R.},
    title = "{The variation of the galaxy luminosity function with group
        properties}",
  journal = {\mnras},
archivePrefix = "arXiv",
   eprint = {1003.1981},
 primaryClass = "astro-ph.CO",
 keywords = {surveys, galaxies: clusters: general, galaxies: evolution,
     galaxies: luminosity function, mass function},
     year = 2010,
    month = apr,
   volume = 403,
    pages = {1812-1828},
      doi = {10.1111/j.1365-2966.2010.16252.x},
   adsurl = {http://adsabs.harvard.edu/abs/2010MNRAS.403.1812R},
  adsnote = {Provided by the SAO/NASA Astrophysics Data System}
}

@ARTICLE{Wijesinghe+12,
   author = {{Wijesinghe}, D.~B. and {Hopkins}, A.~M. and {Brough}, S. and
    {Taylor}, E.~N. and {Norberg}, P. and {Bauer}, A. and {Brown}, M.~J.~I.
   and
    {Cameron}, E. and {Conselice}, C.~J. and {Croom}, S. and {Driver}, S.
   and
    {Grootes}, M.~W. and {Jones}, D.~H. and {Kelvin}, L. and {Loveday}, J.
   and
    {Pimbblet}, K.~A. and {Popescu}, C.~C. and {Prescott}, M. and
    {Sharp}, R. and {Baldry}, I. and {Sadler}, E.~M. and {Liske}, J. and
    {Robotham}, A.~S.~G. and {Bamford}, S. and {Bland-Hawthorn}, J. and
    {Gunawardhana}, M. and {Meyer}, M. and {Parkinson}, H. and {Drinkwater},
   M.~J. and
    {Peacock}, J. and {Tuffs}, R.},
    title = "{Galaxy And Mass Assembly (GAMA): galaxy environments and star
formation rate variations}",
  journal = {\mnras},
archivePrefix = "arXiv",
   eprint = {1205.3368},
 primaryClass = "astro-ph.GA",
 keywords = {galaxies: evolution, galaxies: formation, galaxies: general,
     galaxies: star formation},
     year = 2012,
    month = jul,
   volume = 423,
    pages = {3679-3691},
      doi = {10.1111/j.1365-2966.2012.21164.x},
   adsurl = {http://adsabs.harvard.edu/abs/2012MNRAS.423.3679W},
  adsnote = {Provided by the SAO/NASA Astrophysics Data System}
}

@ARTICLE{vonderLinden+10,
   author = {{von der Linden}, A. and {Wild}, V. and {Kauffmann}, G. and
    {White}, S.~D.~M. and {Weinmann}, S.},
    title = "{Star formation and AGN activity in SDSS cluster galaxies}",
  journal = {\mnras},
archivePrefix = "arXiv",
   eprint = {0909.3522},
 primaryClass = "astro-ph.CO",
 keywords = {galaxies: clusters: general, galaxies: evolution, galaxies:
     statistics, galaxies: stellar content},
     year = 2010,
    month = may,
   volume = 404,
    pages = {1231-1246},
      doi = {10.1111/j.1365-2966.2010.16375.x},
   adsurl = {http://adsabs.harvard.edu/abs/2010MNRAS.404.1231V},
  adsnote = {Provided by the SAO/NASA Astrophysics Data System}
}

@ARTICLE{Peng+10,
   author = {{Peng}, Y.-j. and {Lilly}, S.~J. and {Kova{\v c}}, K. and {Bolzonella}, M. and
        {Pozzetti}, L. and {Renzini}, A. and {Zamorani}, G. and {Ilbert}, O. and
        {Knobel}, C. and {Iovino}, A. and {Maier}, C. and {Cucciati}, O. and
        {Tasca}, L. and {Carollo}, C.~M. and {Silverman}, J. and {Kampczyk}, P. and
        {de Ravel}, L. and {Sanders}, D. and {Scoville}, N. and {Contini}, T. and
        {Mainieri}, V. and {Scodeggio}, M. and {Kneib}, J.-P. and {Le F{\`e}vre}, O. and
        {Bardelli}, S. and {Bongiorno}, A. and {Caputi}, K. and {Coppa}, G. and
        {de la Torre}, S. and {Franzetti}, P. and {Garilli}, B. and
        {Lamareille}, F. and {Le Borgne}, J.-F. and {Le Brun}, V. and
        {Mignoli}, M. and {Perez Montero}, E. and {Pello}, R. and {Ricciardelli}, E. and
        {Tanaka}, M. and {Tresse}, L. and {Vergani}, D. and {Welikala}, N. and
        {Zucca}, E. and {Oesch}, P. and {Abbas}, U. and {Barnes}, L. and
        {Bordoloi}, R. and {Bottini}, D. and {Cappi}, A. and {Cassata}, P. and
        {Cimatti}, A. and {Fumana}, M. and {Hasinger}, G. and {Koekemoer}, A. and
        {Leauthaud}, A. and {Maccagni}, D. and {Marinoni}, C. and {McCracken}, H. and
        {Memeo}, P. and {Meneux}, B. and {Nair}, P. and {Porciani}, C. and
        {Presotto}, V. and {Scaramella}, R.},
    title = {Mass and Environment as Drivers of Galaxy Evolution in SDSS and zCOSMOS and the Origin of the Schechter Function},
  journal = {\apj},
archivePrefix = "arXiv",
   eprint = {1003.4747},
 primaryClass = "astro-ph.CO",
     year = 2010,
    month = sep,
   volume = 721,
    pages = {193--221},
      doi = {10.1088/0004-637X/721/1/193},
}

@ARTICLE{BCW+10,
  author = {{Behroozi}, P.~S. and {Conroy}, C. and {Wechsler}, R.~H.},
  title = {A Comprehensive Analysis of Uncertainties Affecting the Stellar
      Mass-Halo
    Mass Relation for 0 < z < 4},
  journal = {\apj},
  year = {2010},
  volume = {717},
  pages = {379--403},
  month = jul,
  archiveprefix = {arXiv},
  eprint = {1001.0015},
  keywords = {dark matter, galaxies: abundances, galaxies: evolution,
      galaxies:
    stellar content},
  primaryclass = {astro-ph.CO}
}

@ARTICLE{Blaizot+05,
  author = {{Blaizot}, J. and {Wadadekar}, Y. and {Guiderdoni}, B. and
      {Colombi}, S.~T. and {Bertin}, E. and {Bouchet}, F.~R. and {Devriendt},
      J.~E.~G. and {Hatton}, S.},
  title = {{MoMaF: the Mock Map Facility}},
  journal = {\mnras},
  year = {2005},
  volume = {360},
  pages = {159--175},
  month = jun,
  eprint = {arXiv:astro-ph/0309305},
  keywords = {methods: numerical, astronomical data bases: miscellaneous,
      galaxies: statistics, large-scale structure of Universe}
}

@ARTICLE{Nolthenius+87,
   author = {{Nolthenius}, R. and {White}, S.~D.~M.},
    title = "{Groups of galaxies in the CfA survey and in cold dark matter universes}",
  journal = {\mnras},
 keywords = {Dark Matter, Galactic Clusters, Mass Distribution, Universe, Astronomical Models, Galactic Evolution, Red Shift},
     year = 1987,
    month = apr,
   volume = 225,
    pages = {505-530},
   adsurl = {http://adsabs.harvard.edu/abs/1987MNRAS.225..505N},
  adsnote = {Provided by the SAO/NASA Astrophysics Data System}
}

@ARTICLE{Huchra+82,
   author = {{Huchra}, J.~P. and {Geller}, M.~J.},
    title = "{Groups of galaxies. I - Nearby groups}",
  journal = {\apj},
 keywords = {Astronomical Catalogs, Cosmology, Density Distribution, Galactic Clusters, Mass To Light Ratios, Red Shift, Galactic Structure, Luminosity, Velocity Distribution, Virgo Galactic Cluster},
     year = 1982,
    month = jun,
   volume = 257,
    pages = {423-437},
      doi = {10.1086/160000},
   adsurl = {http://adsabs.harvard.edu/abs/1982ApJ...257..423H},
  adsnote = {Provided by the SAO/NASA Astrophysics Data System}
}

@BOOK{Zwicky+61,
   author = {{Zwicky}, F. and {Herzog}, E. and {Wild}, P. and {Karpowicz},
       M. and
    {Kowal}, C.~T.},
    title = "{Catalogue of galaxies and of clusters of galaxies, Vol. I}",
 keywords = {CATALOGS, GALAXIES, CLUSTERS OF GALAXIES},
booktitle = {Pasadena: California Institute of Technology (CIT), |c1961},
     year = 1961,
   adsurl = {http://adsabs.harvard.edu/abs/1961cgcg.book.....Z},
  adsnote = {Provided by the SAO/NASA Astrophysics Data System}
}

@ARTICLE{Rose+76,
   author = {{Rose}, J.~A.},
    title = "{A catalogue of southern clusters of galaxies.}",
  journal = {\aaps},
     year = 1976,
    month = jan,
   volume = 23,
    pages = {109-114},
   adsurl = {http://adsabs.harvard.edu/abs/1976A%26AS...23..109R},
  adsnote = {Provided by the SAO/NASA Astrophysics Data System}
}

@ARTICLE{Abell+58,
   author = {{Abell}, G.~O.},
    title = "{The Distribution of Rich Clusters of Galaxies.}",
  journal = {\apjs},
     year = 1958,
    month = may,
   volume = 3,
    pages = {211},
      doi = {10.1086/190036},
   adsurl = {http://adsabs.harvard.edu/abs/1958ApJS....3..211A},
  adsnote = {Provided by the SAO/NASA Astrophysics Data System}
}

@ARTICLE{DM+14a,
    author = {{Duarte}, M. and {Mamon}, G.~A.},
    title = {How well does the {Friends-of-Friends} algorithm recover group
      properties from distance- and luminosity-limited galaxy catalogs?},
    year = 2014,
    month = jan,
  journal = {ArXiv e-prints},
archivePrefix = "arXiv",
 primaryClass = "astro-ph.CO",
 keywords = {Astrophysics - Cosmology and Extragalactic Astrophysics},
    note = {submitted},
}

@ARTICLE{Guo+11,
  author = {{Guo}, Q. and {White}, S. and {Boylan-Kolchin}, M. and {De Lucia},
      G. and {Kauffmann}, G. and {Lemson}, G. and {Li}, C. and {Springel}, V.
          and {Weinmann}, S.},
  title = {{From dwarf spheroidals to cD galaxies: simulating the galaxy
      population in a {$\Lambda$}CDM cosmology}},
  journal = {\mnras},
  year = {2011},
  pages = {164-},
  month = feb,
  archiveprefix = {arXiv},
  eprint = {1006.0106},
  keywords = {galaxies: haloes, galaxies: luminosity function, mass function,
      cosmology: theory, dark matter, large-scale structure of Universe},
  primaryclass = {astro-ph.CO}
}

@ARTICLE{Yang+07,
  author = {{Yang}, X. and {Mo}, H.~J. and {van den Bosch}, F.~C. and
      {Pasquali}, A. and {Li}, C. and {Barden}, M.},
  title = {{Galaxy Groups in the SDSS DR4. I. The Catalog and Basic Properties}},
  journal = {\apj},
  year = {2007},
  volume = {671},
  pages = {153--170},
  month = dec,
  archiveprefix = {arXiv},
  eprint = {0707.4640},
  keywords = {Cosmology: Dark Matter, Galaxies: Halos, Cosmology: Large-Scale
      Structure of Universe, Methods: Statistical}
}

@ARTICLE{MDvdB+08,
  author = {{Macci{\`o}}, A.~V. and {Dutton}, A.~A. and {van den Bosch},
      F.~C.
    },
  title = {{Concentration, spin and shape of dark matter haloes as a
      function
    of the cosmological model: WMAP1, WMAP3 and WMAP5 results}},
  journal = {\mnras},
  year = {2008},
  volume = {391},
  pages = {1940--1954},
  month = dec,
  archiveprefix = {arXiv},
  eprint = {0805.1926},
  keywords = {gravitation , methods: N-body simulation , methods: numerical
  , galaxies:
    haloes , cosmology: theory , dark matter}
}

@ARTICLE{ML+05,
  author = {{Mamon}, G.~A. and {{\L}okas}, E.~L.},
  title = {Dark matter in elliptical galaxies - II. Estimating the mass
      within
    the virial radius},
  journal = {\mnras},
  year = {2005},
  volume = {363},
  pages = {705--722},
  month = nov,
  eprint = {arXiv:astro-ph/0405491},
  keywords = {methods: analytical, galaxies: elliptical and lenticular, cD,
  galaxies:
    haloes, galaxies: kinematics and dynamics, galaxies: structure}
}

@ARTICLE{Courtin+11,
  author = {{Courtin}, J. and {Rasera}, Y. and {Alimi}, J.-M. and
      {Corasaniti},
    P.-S. and {Boucher}, V. and {F{\"u}zfa}, A.},
  title = {Imprints of dark energy on cosmic structure formation - II.
      Non-universality
    of the halo mass function},
  journal = {\mnras},
  year = {2011},
  volume = {410},
  pages = {1911--1931},
  month = jan,
  archiveprefix = {arXiv},
  doi = {10.1111/j.1365-2966.2010.17573.x},
  eprint = {1001.3425},
  primaryclass = {astro-ph.CO}
}

@ARTICLE{Warren+06,
  author = {{Warren}, M.~S. and {Abazajian}, K. and {Holz}, D.~E. and
      {Teodoro},
    L. },
  title = {Precision Determination of the Mass Function of Dark Matter
      Halos},
  journal = {\apj},
  year = {2006},
  volume = {646},
  pages = {881--885},
  month = aug,
  eprint = {arXiv:astro-ph/0506395},
  keywords = {Cosmology: Theory, Galaxies: Halos}
}

@ARTICLE{Robotham+11,
   author = {{Robotham}, A.~S.~G. and {Norberg}, P. and {Driver}, S.~P. and
	{Baldry}, I.~K. and {Bamford}, S.~P. and {Hopkins}, A.~M. and
	{Liske}, J. and {Loveday}, J. and {Merson}, A. and {Peacock}, J.~A. and
	{Brough}, S. and {Cameron}, E. and {Conselice}, C.~J. and {Croom}, S.~M. and
	{Frenk}, C.~S. and {Gunawardhana}, M. and {Hill}, D.~T. and
	{Jones}, D.~H. and {Kelvin}, L.~S. and {Kuijken}, K. and {Nichol}, R.~C. and
	{Parkinson}, H.~R. and {Pimbblet}, K.~A. and {Phillipps}, S. and
	{Popescu}, C.~C. and {Prescott}, M. and {Sharp}, R.~G. and {Sutherland}, W.~J. and
	{Taylor}, E.~N. and {Thomas}, D. and {Tuffs}, R.~J. and {van Kampen}, E. and
	{Wijesinghe}, D.},
    title = "{Galaxy and Mass Assembly (GAMA): the GAMA galaxy group catalogue (G$^{3}$Cv1)}",
  journal = {\mnras},
archivePrefix = "arXiv",
   eprint = {1106.1994},
 primaryClass = "astro-ph.CO",
 keywords = {galaxies: groups: general, galaxies: haloes, dark matter, large-scale structure of Universe},
     year = 2011,
    month = oct,
   volume = 416,
    pages = {2640-2668},
      doi = {10.1111/j.1365-2966.2011.19217.x},
   adsurl = {http://adsabs.harvard.edu/abs/2011MNRAS.416.2640R},
  adsnote = {Provided by the SAO/NASA Astrophysics Data System}
}

@ARTICLE{Blanton+03,
   author = {{Blanton}, M.~R. and {Lin}, H. and {Lupton}, R.~H. and {Maley},
   F.~M. and
    {Young}, N. and {Zehavi}, I. and {Loveday}, J.},
    title = "{An Efficient Targeting Strategy for Multiobject Spectrograph
        Surveys: the Sloan Digital Sky Survey ``Tiling'' Algorithm'}",
  journal = {\aj},
   eprint = {astro-ph/0105535},
 keywords = {Methods: Observational, Surveys},
     year = 2003,
    month = apr,
   volume = 125,
    pages = {2276-2286},
      doi = {10.1086/344761},
   adsurl = {http://adsabs.harvard.edu/abs/2003AJ....125.2276B},
  adsnote = {Provided by the SAO/NASA Astrophysics Data System}
}

@ARTICLE{MunozCuartas+12,
   author = {{Mu{\~n}oz-Cuartas}, J.~C. and {M{\"u}ller}, V.},
    title = {Galaxy groups and haloes in the seventh data release of the Sloan Digital Sky Survey},
  journal = {\mnras},
     year = 2012,
    month = jun,
   volume = 423,
    pages = {1583--1595},
      doi = {10.1111/j.1365-2966.2012.20981.x},
}

@ARTICLE{DominguezRomero+12,
  author = {{Dom{\'{\i}}nguez Romero}, M.~J.~d.~L. and {Garc{\'{\i}}a Lambas},
      D. and {Muriel}, H.},
  title = {{An improved method for the identification of galaxy systems:
      measuring the gravitational redshift by dark matter haloes}},
  journal = {\mnras},
  year = {2012},
  volume = {427},
  pages = {L6-L10},
  month = nov,
  adsnote = {Provided by the SAO/NASA Astrophysics Data System},
  adsurl = {http://cdsads.u-strasbg.fr/abs/2012MNRAS.427L...6D},
  doi = {10.1111/j.1745-3933.2012.01326.x},
  keywords = {gravitation, galaxies: groups: general, galaxies: haloes, dark matter}
}

@ARTICLE{Liu+08,
   author = {{Liu}, H.~B. and {Hsieh}, B.~C. and {Ho}, P.~T.~P. and {Lin},
       L. and
    {Yan}, R.},
    title = "{A New Galaxy Group Finding Algorithm: Probability
        Friends-of-Friends}",
  journal = {\apj},
 keywords = {Catalogs, Galaxies: Clusters: General, Galaxies: Halos,
     Galaxies: High-Redshift, Galaxies: Photometry, Methods: Data Analysis},
     year = 2008,
    month = jul,
   volume = 681,
    pages = {1046-1057},
      doi = {10.1086/588183},
   adsurl = {http://adsabs.harvard.edu/abs/2008ApJ...681.1046L},
  adsnote = {Provided by the SAO/NASA Astrophysics Data System}
}

@ARTICLE{Liu+11,
  author = {{Liu}, D.-Z. and {Ma}, C. and {Zhang}, T.-J. and {Yang}, Z.},
  title = {{Numerical strategies of computing the luminosity distance}},
  journal = {\mnras},
  year = {2011},
  volume = {412},
  pages = {2685-2688},
  month = apr,
  adsnote = {Provided by the SAO/NASA Astrophysics Data System},
  adsurl = {http://cdsads.u-strasbg.fr/abs/2011MNRAS.412.2685L},
  archiveprefix = {arXiv},
  doi = {10.1111/j.1365-2966.2010.18101.x},
  eprint = {1008.4414},
  keywords = {methods: numerical, cosmology: miscellaneous, distance scale},
  primaryclass = {astro-ph.IM}
}

@ARTICLE{Eisenstein+97,
  author = {{Eisenstein}, D.~J.},
  title = {{An Analytic Expression for the Growth Function in a Flat
      Universe
    with a Cosmological Constant}},
  journal = {ArXiv Astrophysics e-prints},
  year = {1997},
  month = sep,
  adsnote = {Provided by the SAO/NASA Astrophysics Data System},
  adsurl = {http://cdsads.u-strasbg.fr/abs/1997astro.ph..9054E},
  eprint = {arXiv:astro-ph/9709054},
  keywords = {Astrophysics}
}

@ARTICLE{MBM+10,
   author = {{Mamon}, G.~A. and {Biviano}, A. and {Murante}, G.},
    title = {The universal distribution of halo interlopers in projected phase space. Bias in galaxy cluster concentration and velocity anisotropy?},
  journal = {\aap},
archivePrefix = "arXiv",
   eprint = {1003.0033},
 primaryClass = "astro-ph.CO",
     year = 2010,
    month = oct,
   volume = 520,
    pages = {A30--(22 pages)}
}

@ARTICLE{NFW+97,
    author = {{Navarro}, J. F. and {Frenk}, C. S. and {White}, S. D. M.},
    title = {The structure of cold dark matter halos},
    journal = {\apj},
    year = 1996,
    month = may,
    volume = 462,
    pages = {563--575},
}

@ARTICLE{Skibba+11,
  author = {{Skibba}, R.~A. and {van den Bosch}, F.~C. and {Yang}, X. and
      {More},
    S. and {Mo}, H. and {Fontanot}, F.},
  title = {Are brightest halo galaxies central galaxies?},
  journal = {\mnras},
  year = {2011},
  volume = {410},
  pages = {417--431},
  month = jan,
  archiveprefix = {arXiv},
  eprint = {1001.4533},
  keywords = {methods: statistical, galaxies: clusters: general, galaxies:
      haloes,
    galaxies: kinematics and dynamics, dark matter},
  primaryclass = {astro-ph.CO}
}

@Book{abramowitz+stegun,
  Title     = {{Handbook of Mathematical Functions with Formulas, Graphs, and Mathematical Tables}},
  Author    = {{Abramowitz}, M. and {Stegun}, I.~A.},
  Publisher = {Dover},
  Year      = {1964},

  Address   = {{New York}},
  Edition   = {{ninth Dover printing, tenth GPO printing}}
}

@Book{NumericalRecipes,
  Title        = {{Numerical Recipes in Fortran 77: The Art of Scientific Computing}},
  Author       = {Press, William H. and Flannery, Brian P. and Teukolsky, Saul A. and Vetterling, William T.},
  Editor       = {{Cambridge University Press}},
  Publisher    = {{Cambridge University Press}},
  Year         = {1992},
  Edition      = {2},
  Month        = sep,
  Volume       = {1},

  Abstract     = {This is the greatly revised and greatly expanded Second Edition of the hugely popular Numerical Recipes: The Art of Scientific Computing. The product of a unique collaboration among four leading scientists in academic research and industry Numerical Recipes is a complete text and reference book on scientific computing. In a self-contained manner it proceeds from mathematical and theoretical considerations to actual practical computer routines. With over 100 new routines bringing the total to well over 300, plus upgraded versions of the original routines, this new edition remains the most practical, comprehensive handbook of scientific computing available today. Highlights of the new material include: -A new chapter on integral equations and inverse methods -Multigrid and other methods for solving partial differential equations -Improved random number routines - Wavelet transforms -The statistical bootstrap method -A new chapter on "less-numerical" algorithms including compression coding and arbitrary precision arithmetic. The book retains the informal easy-to-read style that made the first edition so popular, while introducing some more advanced topics. It is an ideal textbook for scientists and engineers and an indispensable reference for anyone who works in scientific computing. The Second Edition is availabe in {FORTRAN}, the traditional language for numerical calculations and in the increasingly popular C language.},
  Day          = {25},
  HowPublished = {Hardcover},
  ISBN         = {9780521430647},
  Posted-at    = {2006-02-04 09:54:15},
  Priority     = {2}
}
